% This file was created with JabRef 2.10.
% Encoding: UTF-8


@String { C_AB        = {Advances in Biometrics (AB)} }
@String { C_AFGR      = {{IEEE} Int. Conference and Workshops on Automatic Face and Gesture Recognition (AFGR)} }
@String { C_BIDS      = {Int. Conference on Biometrics, Identity and Security (BIdS)} }
@String { C_BIOSIG    = {Int. Conference of the Biometrics Special Interest Group (BIOSIG)} }
@String { C_BTAS      = {{IEEE} Int. Conference on Biometrics: Theory Applications and Systems (BTAS)} }
@String { C_BTHI      = {Biometric Technology for Human Identification (BTHI)} }
@String { C_CAIP      = {Computer Analysis of Images and Patterns (CAIP)} }
@String { C_CVPR      = {{IEEE} Int. Conference on Computer Vision and Pattern Recognition (CVPR)} }
@String { C_CVPRW     = {{IEEE} Computer Society Conference on Computer Vision and Pattern Recognition Workshops (CVPRW)} }
@String { C_DSP       = {Int. Conference on Digital Signal Processing (ICDSP)} }
@String { C_ECCV      = {European Conference on Computer Vision (ECCV)} }
@String { C_IAP       = {Image Analysis and Processing (IAP)} }
@String { C_IASP      = {Int. Conference on Image Analysis and Signal Processing (ICIASP)} }
@String { C_ICANN     = {Int. Conference on Artificial Neural Networks and Machine Learning (ICANN)} }
@String { C_ICARCV    = {Int. Conference on Control Automation Robotics and Vision (ICARCV)} }
@String { C_ICASSP    = {{IEEE} Int. Conference on Acoustics, Speech, and Signal Processing (ICASSP)} }
@String { C_ICB       = {IAPR Int. Conference on Biometrics (ICB)} }
@String { C_ICCST     = {{IEEE} Int. Carnahan Conferences Security Technology (ICCST)} }
@String { C_ICCV      = {{IEEE} Int. Conference on Computer Vision (ICCV)} }
@String { C_ICIP      = {{IEEE} Int. Conference on Image Processing (ICIP)} }
@String { C_ICM       = {{ACM} Int. Conference on Multimedia} }
@String { C_ICML      = {Int. Conference on Machine Learning (ICML)} }
@String { C_ICMLC     = {Int. Conference on Machine Learning and Cybernetics (ICMLC)} }
@String { C_ICMMAR    = {Int. Conference on Methods and Models in Automation and Robotics (ICMMAR)} }
@String { C_ICMR      = {{ACM} Int. Conference on Multimedia Retrieval} }
@String { C_ICPR      = {Int. Conference on Pattern Recognition (ICPR)} }
@String { C_IJCB      = {{IEEE} Int. Joint Conference on Biometrics (IJCB)} }
@String { C_IJCNN     = {Int. Joint Conference on Neural Network (IJCNN)} }
@String { C_ISP       = {Image and Signal Processing (ISP)} }
@String { C_NIPS      = {Advances in Neural Information Processing Systems (NIPS)} }
@String { C_SCIA      = {Scandinavian Conference on Image Analysis (SCIA)} }
@String { C_SCIPY     = {{The Python for Scientific Computing Conference (SciPy)}} }
@String { C_SIBGRAPI  = {Conference on Graphics, Patterns and Images (SIBGRAPI)} }
@String { C_SICE      = {SICE Annual Conference (SICE)} }
@String { C_VISAPP    = {Int. Conference on Computer Vision Theory and Applications (VISAPP)} }
@String { C_VISUAL    = {Recent Advances in Visual Information Systems (VISUAL)} }
@String { ICISP       = {Int. Conference on Image and Signal Processing (ICISP)} }
@String { J_C         = {Journal of Chemometrics (JC)} }
@String { J_CCIS      = {Communications in Computer and Information Science (CCIS)} }
@String { J_COMPUTER  = {Computer} }
@String { J_COMPUTING = {Computing} }
@String { J_CSUR      = {ACM Computing Surveys (CSUR)} }
@String { J_FGCS      = {Future Generation Computer Systems (FGCS)} }
@String { J_IETB      = {IET Biometrics} }
@String { J_IJCV      = {Int. Journal of Computer Vision (IJCV)} }
@String { J_IS        = {Information Sciences (IS)} }
@String { J_JIVC      = {Image and Vision Computing (JIVC)} }
@String { J_JIVP      = {EURASIP Journal on Image and Video Processing (JIVP)} }
@String { J_JMIV      = {Journal of Mathematical Imaging and Vision (JMIV)} }
@String { J_JMLR      = {Journal of Machine Learning Research (JMLR)} }
@String { J_JOSA      = {Journal of the Optical Society of America (JOSA)} }
@String { J_KT        = {Korea Telecom (KT)} }
@String { J_ML        = {Machine Learning (ML)} }
@String { J_PIEEE     = {Proceedings of the IEEE} }
@String { J_PLOS      = {PLoS ONE} }
@String { J_PR        = {Pattern Recognition (PR)} }
@String { J_PRL       = {Pattern Recognition Letters (PRL)} }
@String { J_TIFS      = {{IEEE} Transactions on Information Forensics and Security (TIFS)} }
@String { J_TIP       = {{IEEE} Transactions on Image Processing (TIP)} }
@String { J_TIST      = {ACM Transactions on Intelligent Systems and Technology (TIST)} }
@String { J_TPAMI     = {{IEEE} Transactions on Pattern Analysis and Machine Intelligence (TPAMI)} }
@String { J_TS        = {Telecommunication Systems (TS)} }
@String { J_TSMC      = {{IEEE} Transactions on Systems, Man and Cybernetics (TSMC)} }
@String { J_TSP       = {{IEEE} Transactions on Signal Processing (TSP)} }
@String { W_ACCV      = {Computer Vision - ACCV Workshops (WACCV)} }
@String { W_BIOID     = {First European Workshop on Biometrics and Identity Management (BioID)} }
@String { W_BIOMS     = {{IEEE} Workshop on Biometric Measurements and Systems for Security and Medical Applications (BIOMS)} }
@String { W_MMSP      = {{IEEE} Int. Workshop on Multimedia Signal Processing (MMSP)} }
@String { W_WIFS      = {{IEEE} Int. Workshop on Information Forensics and Security (WIFS)} }

@Article{Andoni:COMMUN:2008,
  Title                    = {Near-optimal Hashing Algorithms for Approximate Nearest Neighbor in High Dimensions},
  Author                   = {Andoni, Alexandr and Indyk, Piotr},
  Journal                  = {Commun. ACM},
  Year                     = {2008},

  Month                    = jan,
  Number                   = {1},
  Pages                    = {117--122},
  Volume                   = {51}
}

@InProceedings{Andrews_2012,
  Title                    = {Name phylogeny: A generative model of string variation},
  Author                   = {Andrews, Nicholas and Eisner, Jason and Dredze, Mark},
  Booktitle                = {Intl. Conference on Empirical Methods in Natural Language Processing and Computational Natural Language Learning},
  Year                     = {2012},
  Organization             = {Association for Computational Linguistics},
  Pages                    = {344--355}
}

@Article{Arya_1998,
  Title                    = {An Optimal Algorithm for Approximate Nearest Neighbor Searching Fixed Dimensions},
  Author                   = {Arya, Sunil and Mount, David M. and Netanyahu, Nathan S. and Silverman, Ruth and Wu, Angela Y.},
  Journal                  = {Journal of ACM},
  Year                     = {1998},

  Month                    = nov,
  Number                   = {6},
  Pages                    = {891--923},
  Volume                   = {45}
}

@Article{Bay:CVIU:2008,
  Title                    = {Speeded-Up Robust Features (SURF)},
  Author                   = {Bay, Herbert and Ess, Andreas and Tuytelaars, Tinne and Van Gool, Luc},
  Journal                  = {Comput. Vis. Image Underst.},
  Year                     = {2008},

  Month                    = jun,
  Number                   = {3},
  Pages                    = {346--359},
  Volume                   = {110}
}

@Article{Bentley:COMMUN:1975,
  Title                    = {Multidimensional Binary Search Trees Used for Associative Searching},
  Author                   = {Bentley, Jon Louis},
  Journal                  = {Commun. ACM},
  Year                     = {1975},

  Month                    = sep,
  Number                   = {9},
  Pages                    = {509--517},
  Volume                   = {18}
}

@InProceedings{Cao:ICIP:2011,
  Title                    = {Weakly supervised locality sensitive hashing for duplicate image retrieval},
  Author                   = {Y. Cao and H. Zhang and J. Guo},
  Booktitle                = C_ICIP,
  Year                     = {2011},
  Month                    = {Sept},
  Pages                    = {2461-2464}
}

@Article{Carvalho:TIFS:2013,
  Title                    = {Exposing Digital Image Forgeries by Illumination Color Classification},
  Author                   = {T. Carvalho and C. Riess and E. Angelopoulou and H. Pedrini and A. Rocha},
  Journal                  = J_TIFS,
  Year                     = {2013},

  Month                    = {July},
  Number                   = {7},
  Pages                    = {1182-1194},
  Volume                   = {8}
}

@Article{Chum:TPAMI:2010,
  Title                    = {Large-Scale Discovery of Spatially Related Images},
  Author                   = {Chum, Ondrej and Matas, Jir\'{\i}},
  Journal                  = J_TPAMI,
  Year                     = {2010},

  Month                    = feb,
  Number                   = {2},
  Pages                    = {371--377},
  Volume                   = {32}
}

@InProceedings{Costa:ICIP:2015,
  Title                    = {Phylogeny reconstruction for misaligned and compressed video sequences},
  Author                   = {F. O. Costa and S. Lameri and P. Bestagini and Z. Dias and A. Rocha and M. Tagliasacchi and S. Tubaro},
  Booktitle                = C_ICIP,
  Year                     = {2015},
  Month                    = {Sept},
  Pages                    = {301-305}
}

@Article{Datta_2008,
  Title                    = {Image retrieval: Ideas, influences, and trends of the new age},
  Author                   = {Datta, Ritendra and Joshi, Dhiraj and Li, Jia and Wang, James Z},
  Journal                  = J_CSUR,
  Year                     = {2008},
  Number                   = {2},
  Pages                    = {5},
  Volume                   = {40},

  Publisher                = {ACM}
}

@InProceedings{Deselaers_2009,
  Title                    = {Jointly optimising relevance and diversity in image retrieval},
  Author                   = {Deselaers, Thomas and Gass, Tobias and Dreuw, Philippe and Ney, Hermann},
  Booktitle                = C_ICMR,
  Year                     = {2009},
  Organization             = {ACM},
  Pages                    = {39}
}

@Article{Dias_2013,
  Title                    = {Toward image phylogeny forests: Automatically recovering semantically similar image relationships},
  Author                   = {Dias, Zanoni and Goldenstein, Siome and Rocha, Anderson},
  Journal                  = {Forensic science international},
  Year                     = {2013},
  Number                   = {1},
  Pages                    = {178--189},
  Volume                   = {231},

  Publisher                = {Elsevier}
}

@Article{Dias_2012,
  Title                    = {Image Phylogeny by Minimal Spanning Trees},
  Author                   = {Z. Dias and A. Rocha and S. Goldenstein},
  Journal                  = J_TIFS,
  Year                     = {2012},

  Month                    = {April},
  Number                   = {2},
  Pages                    = {774-788},
  Volume                   = {7}
}

@InProceedings{Dias_2011,
  Title                    = {Video phylogeny: Recovering near-duplicate video relationships},
  Author                   = {Dias, Zanoni and Rocha, Anderson and Goldenstein, Siome},
  Booktitle                = W_WIFS,
  Year                     = {2011},
  Organization             = {IEEE},
  Pages                    = {1--6}
}

@InProceedings{Dong:ICMR:2012,
  Title                    = {High-confidence Near-duplicate Image Detection},
  Author                   = {Dong, Wei and Wang, Zhe and Charikar, Moses and Li, Kai},
  Booktitle                = C_ICMR,
  Year                     = {2012},

  Address                  = {New York, NY, USA},
  Pages                    = {1:1--1:8},
  Publisher                = {ACM}
}

@Book{Goodfellow_2016,
  Title                    = {Deep learning},
  Author                   = {Goodfellow, Ian and Bengio, Yoshua and Courville, Aaron},
  Publisher                = {MIT Press},
  Year                     = {2016}
}

@Article{Jegou:TPAMI:2011,
  Title                    = {Product Quantization for Nearest Neighbor Search},
  Author                   = {H. Jegou and M. Douze and C. Schmid},
  Journal                  = J_TPAMI,
  Year                     = {2011},

  Month                    = {Jan},
  Number                   = {1},
  Pages                    = {117-128},
  Volume                   = {33}
}

@InProceedings{Jegou:CVPR:2010,
  Title                    = {Aggregating local descriptors into a compact image representation},
  Author                   = {H. Jegou and M. Douze and C. Schmid and P. Perez},
  Booktitle                = C_CVPR,
  Year                     = {2010},
  Month                    = {June},
  Pages                    = {3304-3311}
}

@InProceedings{Ke_2004,
  Title                    = {Efficient near-duplicate detection and sub-image retrieval},
  Author                   = {Yan Ke and Rahul Sukthankar and Larry Huston},
  Booktitle                = {ACM Intl. Conference on Multimedia},
  Year                     = {2004},
  Pages                    = {869--876}
}

@Book{Keyes_2004,
  Title                    = {The post-truth era: Dishonesty and deception in contemporary life},
  Author                   = {Keyes, Ralph},
  Publisher                = {Macmillan},
  Year                     = {2004}
}

@Article{Kruskal:AMS:1956,
  Title                    = {On the Shortest Spanning Subtree of a Graph and the Traveling Salesman Problem},
  Author                   = {Joseph B. Kruskal},
  Journal                  = {Proc. of the American Mathematical Society},
  Year                     = {1956},
  Number                   = {1},
  Pages                    = {48-50},
  Volume                   = {7}
}

@InProceedings{Lameri_2014,
  Title                    = {Who is my parent? Reconstructing video sequences from partially matching shots},
  Author                   = {Lameri, Silvia and Bestagini, Paolo and Melloni, Ambra and Milani, Simone and Rocha, Anderson and Tagliasacchi, Marco and Tubaro, Stefano},
  Booktitle                = C_ICIP,
  Year                     = {2014},
  Organization             = {IEEE},
  Pages                    = {5342--5346}
}

@Article{Lei:TMCCA:2014,
  Title                    = {Fast Near-Duplicate Image Detection Using Uniform Randomized Trees},
  Author                   = {Lei, Yanqiang and Qiu, Guoping and Zheng, Ligang and Huang, Jiwu},
  Journal                  = {ACM Trans. Multimedia Comput. Commun. Appl.},
  Year                     = {2014},

  Month                    = jul,
  Number                   = {4},
  Pages                    = {35:1--35:15},
  Volume                   = {10}
}

@Article{Lowe:IJCV:2004,
  Title                    = {Distinctive Image Features from Scale-Invariant Keypoints},
  Author                   = {Lowe, David G.},
  Journal                  = {International Journal of Computer Vision},
  Year                     = {2004},
  Number                   = {2},
  Pages                    = {91--110},
  Volume                   = {60}
}

@InProceedings{Lowe_1999,
  Title                    = {Object recognition from local scale-invariant features},
  Author                   = {Lowe, David G},
  Booktitle                = C_CVPR,
  Year                     = {1999},
  Organization             = {Ieee},
  Pages                    = {1150--1157},
  Volume                   = {2}
}

@Article{Mahler_2016,
  Title                    = {The Problem With �Self-Investigation� in a Post-Truth Era},
  Author                   = {Jonathan Mahler},
  Journal                  = {The New York Times Magazine},
  Year                     = {January 1st, 2017},
  Note                     = {Available online at \url{http://tinyurl.com/juufufc}},

  Page                     = {MM9}
}

@Article{Muja:TPAMI:09,
  Title                    = {Scalable Nearest Neighbor Algorithms for High Dimensional Data},
  Author                   = {M. Muja and D. G. Lowe},
  Journal                  = {IEEE Transactions on Pattern Analysis and Machine Intelligence},
  Year                     = {2014},

  Month                    = {Nov},
  Number                   = {11},
  Pages                    = {2227-2240},
  Volume                   = {36}
}

@InProceedings{Nucci_2013,
  Title                    = {A phylogenetic analysis of near-duplicate audio tracks},
  Author                   = {Nucci, Matteo and Tagliasacchi, Marco and Tubaro, Stefano},
  Booktitle                = W_MMSP,
  Year                     = {2013},
  Organization             = {IEEE},
  Pages                    = {099--104}
}

@Article{Oliveira_2016,
  Title                    = {Multiple parenting phylogeny relationships in digital images},
  Author                   = {de Oliveira, Alberto A and Ferrara, Pasquale and De Rosa, Alessia and Piva, Alessandro and Barni, Mauro and Goldenstein, Siome and Dias, Zanoni and Rocha, Anderson},
  Journal                  = {IEEE Transactions on Information Forensics and Security},
  Year                     = {2016},
  Number                   = {2},
  Pages                    = {328--343},
  Volume                   = {11},

  Publisher                = {IEEE}
}

@Article{Rocha:CSUR:2011,
  Title                    = {{Vision of the Unseen: Current Trends and Challenges in Digital Image and Video Forensics}},
  Author                   = {A. Rocha and W. Scheirer and T. E. Boult and S. Goldenstein},
  Journal                  = J_CSUR,
  Year                     = {2011},
  Pages                    = {1--42},
  Volume                   = {43}
}

@Article{Schulten_2017,
  Title                    = {Evaluating Sources in a `Post-Truth' World: Ideas for Teaching and Learning About Fake News},
  Author                   = {Katherine Schulten and Amanda Christy Brown},
  Journal                  = {The New York Times},
  Year                     = {January 19th, 2017},
  Note                     = {Available online at \url{http://tinyurl.com/h3w7rp8}}
}

@Misc{Nimble_2016,
  Title                    = {The 2016 Nimble Challenge Evaluation Dataset},

  Author                   = {National Institute of Standards and Technology (NIST)},
  HowPublished             = {https://www.nist.gov/itl/iad/mig/nimble-challenge-2017-evaluation},
  Month                    = jan,
  Year                     = {2016},

  Url                      = {URL= {http://tinyurl.com/zewnut5}}
}

@InProceedings{Steinbach:KDD:2000,
  Title                    = {A comparison of document clustering techniques},
  Author                   = {Michael Steinbach and George Karypis and Vipin Kumar},
  Booktitle                = {In KDD Workshop on Text Mining},
  Year                     = {2000}
}

@InProceedings{Tang:ICIP:2015,
  Title                    = {Large visual words for large scale image classification},
  Author                   = {S. Tang and H. Chen and K. Lv and Y. D. Zhang},
  Booktitle                = C_ICIP,
  Year                     = {2015},
  Month                    = {Sept},
  Pages                    = {1170-1174}
}

@InCollection{Weiss:NIPS:2008,
  Title                    = {Spectral Hashing},
  Author                   = {Weiss, Yair and Torralba, Antonio and Fergus, Rob},
  Booktitle                = {Advances in Neural Information Processing Systems 21},
  Publisher                = {Curran Associates, Inc.},
  Year                     = {2009},
  Editor                   = {D. Koller and D. Schuurmans and Y. Bengio and L. Bottou},
  Pages                    = {1753--1760}
}

@InProceedings{Wu:CVPR:2009,
  Title                    = {Bundling features for large scale partial-duplicate web image search},
  Author                   = {Zhong Wu and Qifa Ke and M. Isard and Jian Sun},
  Booktitle                = C_CVPR,
  Year                     = {2009},
  Month                    = {June},
  Pages                    = {25-32}
}

@InProceedings{Wu:ICPR:2010,
  Title                    = {Adding Affine Invariant Geometric Constraint for Partial-Duplicate Image Retrieval},
  Author                   = {Z. Wu and Q. Xu and S. Jiang and Q. Huang and P. Cui and L. Li},
  Booktitle                = C_ICPR,
  Year                     = {2010},
  Month                    = {Aug},
  Pages                    = {842-845}
}

@Article{Xiao:TDS:2011,
  Title                    = {Efficient Similarity Joins for Near-duplicate Detection},
  Author                   = {Xiao, Chuan and Wang, Wei and Lin, Xuemin and Yu, Jeffrey Xu and Wang, Guoren},
  Journal                  = {ACM Trans. Database Syst.},
  Year                     = {2011},

  Month                    = aug,
  Number                   = {3},
  Pages                    = {15:1--15:41},
  Volume                   = {36}
}

@InProceedings{Yuan:ICIP:2015,
  Title                    = {Product tree quantization for approximate nearest neighbor search},
  Author                   = {J. Yuan and X. Liu},
  Booktitle                = C_ICIP,
  Year                     = {2015},
  Month                    = {Sept},
  Pages                    = {2035-2039}
}

@InProceedings{Zeng:ICIP:2016,
  Title                    = {Semantic highlight retrieval},
  Author                   = {K. H. Zeng and Y. C. Lin and A. Farhadi and M. Sun},
  Booktitle                = C_ICIP,
  Year                     = {2016},
  Month                    = {Sept},
  Pages                    = {3359-3363}
}

@Article{Zheng:TIFS:2012,
  Title                    = {Near-Duplicate Image Detection in a Visually Salient Riemannian Space},
  Author                   = {L. Zheng and Y. Lei and G. Qiu and J. Huang},
  Journal                  = J_TIFS,
  Year                     = {2012},

  Month                    = {Oct},
  Number                   = {5},
  Pages                    = {1578-1593},
  Volume                   = {7}
}

@InProceedings{Zhou:MM:2010,
  Title                    = {Spatial Coding for Large Scale Partial-duplicate Web Image Search},
  Author                   = {Zhou, Wengang and Lu, Yijuan and Li, Houqiang and Song, Yibing and Tian, Qi},
  Booktitle                = C_ICM,
  Year                     = {2010},

  Address                  = {New York, NY, USA},
  Pages                    = {511--520},
  Publisher                = {ACM},
  Series                   = {MM '10}
}

@Article{Zitova_2003,
  Title                    = {Image registration methods: a survey},
  Author                   = {Zitova, Barbara and Flusser, Jan},
  Journal                  = {Image and vision computing},
  Year                     = {2003},
  Number                   = {11},
  Pages                    = {977--1000},
  Volume                   = {21},

  Publisher                = {Elsevier}
}

