@String { C_ACMMM    = {ACM Conference on Multimedia Systems} }
@String { C_AFGR     = {{IEEE} Int. Conference and Workshops on Automatic Face and Gesture Recognition} }
@String { C_AVSS     = {{IEEE} Int. Conference on Advanced Video and Signal Based Surveillance} }
@String { C_BIOSIG   = {Int. Conference of the Biometrics Special Interest Group} }
@String { C_BTAS     = {{IEEE} Int. Conference on Biometrics: Theory Applications and Systems} }
@String { C_BTHI     = {Biometric Technology for Human Identification} }
@String { C_CAIP     = {Computer Analysis of Images and Patterns} }
@String { C_CVPR     = {{IEEE} Int. Conference on Computer Vision and Pattern Recognition} }
@String { C_CVPRW    = {{IEEE} Computer Society Conference on Computer Vision and Pattern Recognition Workshops} }
@String { C_DSP      = {Int. Conference on Digital Signal Processing} }
@String { C_ECCV     = {European Conference on Computer Vision} }
@String { C_IASP     = {Int. Conference on Image Analysis and Signal Processing} }
@String { C_ICANN    = {Int. Conference on Artificial Neural Networks and Machine Learning} }
@String { C_ICARCV   = {Int. Conference on Control Automation Robotics and Vision} }
@String { C_ICASSP   = {{IEEE} Int. Conference on Acoustics, Speech, and Signal Processing} }
@String { C_ICB      = {IAPR Int. Conference on Biometrics} }
@String { C_ICCV     = {{IEEE} Int. Conference on Computer Vision} }
@String { C_ICIAP    = {Int. Conference on Image Analysis and Processing} }
@String { C_ICIP     = {{IEEE} Int. Conference on Image Processing} }
@String { C_ICMC     = {Int. Conference on Multiple Classifier Systems} }
@String { C_ICMCS    = {Int. Conference on Multimedia Computing and Systems} }
@String { C_ICML     = {Int. Conference on Machine Learning} }
@String { C_ICMLC    = {Int. Conference on Machine Learning and Cybernetics} }
@String { C_ICPAIR   = {Int. Conference on Pattern Analysis and Intelligent Robotics} }
@String { C_ICPR     = {Int. Conference on Pattern Recognition} }
@String { C_IJCB     = {{IEEE} Int. Joint Conference on Biometrics} }
@String { C_SIBGRAPI = {Conference on Graphics, Patterns and Images} }
@String { J_ACMCS    = {ACM Comput. Surv.} }
@String { J_AES      = {{IEEE} Trans. Aerosp. Electron. Syst.} }
@String { J_C        = {J. Chemometrics} }
@String { J_CSDA     = {Computational Statistics \& Data Analysis} }
@String { J_CVIU     = {Computer Vision and Image Understanding} }
@String { J_IETB     = {IET Biometrics} }
@String { J_IJCV     = {Int. Journal of Computer Vision} }
@String { J_IVC      = {Image and Vision Computing} }
@String { J_JIVP     = {EURASIP Journal on Image and Video Processing} }
@String { J_ML       = {Machine Learning} }
@String { J_PIEEE    = {Proc. IEEE} }
@String { J_PM       = {Philosophical Magazine} }
@String { J_PR       = {Pattern Recognition} }
@String { J_PRL      = {Pattern Recognition Letters} }
@String { J_SMC      = {{IEEE} Int. Conference on Systems, Man and Cybernetics} }
@String { J_TBCS     = {{IEEE} Trans. Biomed. Circuits Syst.} }
@String { J_TIFS     = {{IEEE} Trans. Inf. Forens. Security} }
@String { J_TIP      = {{IEEE} Trans. Image Process.} }
@String { J_TIST     = {ACM Trans. Intelligent Systems and Technology} }
@String { J_TPAMI    = {{IEEE} Trans. Pattern Anal. Mach. Intell.} }
@String { J_TS       = {Telecommunication Systems} }
@String { J_TSMC     = {{IEEE} Trans. Syst. Man Cybern.} }
@String { J_WIRECS   = {WIREs Comp. Stat.} }
@String { W_ACCV     = {ACCV Int. Workshops} }
@String { W_AIAT     = {{IEEE} Workshop on Automatic Identification Advanced Technologies} }
@String { W_BF       = {Int. Workshop on Biometrics and Forensics } }

@ARTICLE{Pinto:TIFS:2015,
author={Pinto, A. and Robson Schwartz, W. and Pedrini, H. and Rocha, A.},
journal=J_TIFS,
title={Using Visual Rhythms for Detecting Video-Based Facial Spoof Attacks},
year={2015},
month={May},
volume={10},
number={5},
pages={1025-1038},
doi={10.1109/TIFS.2015.2395139},
ISSN={1556-6013},}

@INPROCEEDINGS{Pires2012,
author={Pires, R. and Jelinek, H.F. and Wainer, J. and Rocha, A.},
booktitle={Graphics, Patterns and Images (SIBGRAPI), 2012 25th SIBGRAPI Conference on},
title={Retinal Image Quality Analysis for Automatic Diabetic Retinopathy Detection},
year={2012},
month={Aug},
pages={229-236},
keywords={blood vessels;diseases;eye;image classification;medical image processing;object detection;DR detection;DR screening;ROC;automatic diabetic retinopathy detection;blood vessels;blurring detection;field definition;image quality classification;receiver operating characteristic curve;retinal image quality analysis;Biomedical imaging;Dictionaries;Image quality;Retina;Training;Vectors;Visualization;Blur Detection;Field Definition;Retinal Quality Assessment},
doi={10.1109/SIBGRAPI.2012.39},
ISSN={1530-1834},}


@article{Rocha:2011:VUC,
 author = {Rocha, Anderson and Scheirer, Walter and Boult, Terrance and Goldenstein, Siome},
 title = {Vision of the Unseen: Current Trends and Challenges in Digital Image and Video Forensics},
 journal = {ACM Comput. Surv.},
 issue_date = {October 2011},
 volume = {43},
 number = {4},
 month = oct,
 year = {2011},
 issn = {0360-0300},
 pages = {26:1--26:42},
 articleno = {26},
 numpages = {42},
 acmid = {1978805},
 publisher = {ACM},
 address = {New York, NY, USA},
 keywords = {Image and video forensics, forgery and fraud detection, hidden messages detection, image and video source identification, legal aspects},
} 

@ARTICLE{Lukas2006,
author={Lukas, J. and Fridrich, J. and Goljan, M.},
journal={Information Forensics and Security, IEEE Transactions on},
title={Digital camera identification from sensor pattern noise},
year={2006},
month={June},
volume={1},
number={2},
pages={205-214},
ISSN={1556-6013},}


@incollection{Chen2007,
year={2007},
isbn={978-3-540-77369-6},
booktitle={Information Hiding},
volume={4567},
series={Lecture Notes in Computer Science},
editor={Furon, Teddy and Cayre, François and Doërr, Gwenaël and Bas, Patrick},
title={Imaging Sensor Noise as Digital X-Ray for Revealing Forgeries},
author={Chen, Mo and Fridrich, Jessica and Lukáš, Jan and Goljan, Miroslav},
pages={342-358},
language={English}
}

@book{MarquesFilho1999,
author    = {Marques Filho, Og\^{e} and Vieira Neto, Hugo},
title     = {Processamento Digital de Imagens},
publisher = {Editora Brasport},
address   = {Rio de Janeiro, Brazil},
year      = {1999},
}

@book{Gonzalez:2006:DIP,
	author = {Gonzalez, Rafael C. and Woods, Richard E.},
	title = {Digital Image Processing (3rd Edition)},
	year = {2006},
	isbn = {013168728X},
	publisher = {Prentice-Hall, Inc.},
	address = {Upper Saddle River, NJ, USA},
} 

@Article{Abdi_2010,
  Title                    = {Partial Least Squares Regression and Projection on Latent Structure Regression (PLS Regression)},
  Author                   = {Herv{\'}e Abdi},
  Journal                  = J_WIRECS,
  Year                     = {2010},
  Number                   = {1},
  Pages                    = {97--106},
  Volume                   = {2},

  ISSN                     = {1939-0068},
  Publisher                = {John Wiley \& Sons, Inc.}
}

@Conference{Ahonen:ECCV:2004,
  Title                    = {Face Recognition with Local Binary Patterns},
  Author                   = {Ahonen, Timo and Hadid, Abdenour and Pietikäinen, Matti},
  Booktitle                = C_ECCV,
  Year                     = {2004},
  Pages                    = {469-481},

  Doi                      = {10.1007/978-3-540-24670-1_36},
  ISBN                     = {978-3-540-21984-2}
}

@Conference{Akhtar:BTAS:2012,
  Title                    = {Evaluation of serial and parallel multibiometric systems under spoofing attacks},
  Author                   = {Akhtar, Zahid and Fumera, Giorgio and Marcialis, Gian Luca and Roli, Fabio},
  Booktitle                = C_BTAS,
  Year                     = {2012},
  Month                    = sep,
  Pages                    = {283 -288}
}

@Conference{Akhtar:ICIAP:2011,
  Title                    = {Robustness evaluation of biometric systems under spoof attacks},
  Author                   = {Akhtar, Zahid and Fumera, Giorgio and Marcialis, Gian Luca and Roli, Fabio},
  Booktitle                = C_ICIAP,
  Year                     = {2011},
  Pages                    = {159--168},

  ISBN                     = {978-3-642-24084-3},
  Numpages                 = {10}
}

@TechReport{Almoussa:UCLA:2009,
  Title                    = {Variational Retinex and Shadow Removal},
  Author                   = {Nizar Almoussa},
  Institution              = {University of California, Department of Mathematics},
  Year                     = {2009}
}

@Article{Alon:TPAMI:2009,
  Title                    = {A Unified Framework for Gesture Recognition and Spatiotemporal Gesture Segmentation},
  Author                   = {Alon, Jonathan and Athitsos, V. and Quan Yuan and Sclaroff, S.},
  Journal                  = J_TPAMI,
  Year                     = {2009},

  Month                    = {Sept},
  Number                   = {9},
  Pages                    = {1685-1699},
  Volume                   = {31},

  Doi                      = {10.1109/TPAMI.2008.203},
  ISSN                     = {0162-8828},
  Keywords                 = {gesture recognition;image classification;image matching;image segmentation;image sequences;inference mechanisms;learning (artificial intelligence);object detection;video signal processing;American sign language;classifier-based pruning framework;continuous image stream;gesture model learning;gesture recognition;hand detection;spatiotemporal gesture segmentation;spatiotemporal matching algorithm;subgesture reasoning algorithm;video sequence;Computer vision;Gesture recognition;Human-centered computing;continuous dynamic programming.;dynamic time warping;gesture spotting;human motion analysis;Algorithms;Artificial Intelligence;Gestures;Hand;Humans;Image Enhancement;Image Interpretation, Computer-Assisted;Imaging, Three-Dimensional;Pattern Recognition, Automated;Reproducibility of Results;Sensitivity and Specificity;Sign Language}
}

@InProceedings{Anjos:ACMMM:2012,
  Title                    = {Bob: A Free Signal Processing and Machine Learning Toolbox for Researchers},
  Author                   = {Anjos, Andr{\'e} and El-Shafey, Laurent and Wallace, Roy and G\"{u}nther, Manuel and McCool, Christopher and Marcel, S{\'e}bastien},
  Booktitle                = C_ACMMM,
  Year                     = {2012},

  Address                  = {New York, NY, USA},
  Pages                    = {1449--1452},
  Publisher                = {ACM},

  ISBN                     = {978-1-4503-1089-5},
  Location                 = {Nara, Japan},
  Numpages                 = {4}
}

@Conference{Anjos:IJCB:2011,
  Title                    = {Counter-measures to photo attacks in face recognition: A public database and a baseline},
  Author                   = {Anjos, A. and Marcel, S.},
  Booktitle                = C_IJCB,
  Year                     = {2011},
  Month                    = oct,
  Pages                    = {1 -7}
}

@InProceedings{Avila:ICIP:2011,
  Title                    = {{BOSSA: Extended bow formalism for image classification}},
  Author                   = {Avila, S. and Thome, N. and Cord, M. and Valle, E. and de A Araujo, A.},
  Booktitle                = C_ICIP,
  Year                     = {2011},
  Month                    = sep,
  Pages                    = {2909-2912},

  ISSN                     = {1522-4880}
}

@Conference{Bao:ICIASP:2009,
  Title                    = {A liveness detection method for face recognition based on optical flow field},
  Author                   = {Wei Bao and Hong Li and Nan Li and Wei Jiang},
  Booktitle                = C_IASP,
  Year                     = {2009},
  Month                    = apr,
  Pages                    = {233--236},

  Keywords                 = {anti-spoofing;face recognition;liveness detection method;optical flow field;face recognition;image sequences;object detection;}
}

@Book{Beach:PP:2008,
  Title                    = {Real world video compression},
  Author                   = {Beach, Andy},
  Publisher                = {Peachpit Press},
  Year                     = {2008},

  Address                  = {Berkeley, CA, USA},
  Edition                  = {First},

  ISBN                     = {9780321550019}
}

@InProceedings{Bengio:ICML:2005,
  Title                    = {The Expected Performance Curve},
  Author                   = {Bengio, Samy and Mari{\'{e}}thoz, Johnny and Keller, Mikaela},
  Booktitle                = C_ICML,
  Year                     = {2005},
  Pages                    = {9--16}
}

@Conference{Bestagini:2013,
  Title                    = {Video recapture detection based on ghosting artifact analysis},
  Author                   = {Bestagini, P. and Visentini-Scarzanella, M. and Tagliasacchi, M. and Dragotti, P.L. and Tubaro, S.},
  Booktitle                = C_ICIP,
  Year                     = {2013},
  Month                    = {Sept},
  Pages                    = {4457-4461},

  Doi                      = {10.1109/ICIP.2013.6738918},
  Keywords                 = {computer displays;image forensics;image sequences;liquid crystal displays;video cameras;video signal processing;LCD monitor;characteristic ghosting artifact analysis;digital camcorder;forensic analysis;forensic techniques;recapture process;video forensics;video recapture detection;video sequence recapture;ghosting;recapturing;video forensics}
}

@Article{Biggio:IET:2012,
  Title                    = {Security evaluation of biometric authentication systems under real spoofing attacks},
  Author                   = {Biggio, B. and Akhtar, Z. and Fumera, G. and Marcialis, G.L. and Roli, F.},
  Journal                  = J_IETB,
  Year                     = {2012},

  Month                    = mar,
  Number                   = {1},
  Pages                    = {11 -24},
  Volume                   = {1},

  ISSN                     = {2047-4938},
  Keywords                 = {biometric authentication system;biometric traits;face biometrics;fake scores;fingerprint biometrics;genuine scores;multimodal biometric system;multimodal verification system;real spoofing attacks;robust fusion rules;score fusion rules;security evaluation;unimodal system;worst-case scenario;face recognition;fingerprint identification;security of data;}
}

@Conference{Biggio:IJCB:2011,
  Title                    = {Robustness of multi-modal biometric verification systems under realistic spoofing attacks},
  Author                   = {Biggio, B. and Akthar, Z. and Fumera, G. and Marcialis, G.L. and Roli, F.},
  Booktitle                = C_BTAS,
  Year                     = {2011},
  Month                    = oct,
  Pages                    = {1 -6},

  Keywords                 = {face biometrics;fingerprint biometrics;multimodal biometric verification system;realistic spoofing attack;worst case attack hypothesis;face recognition;fingerprint identification;}
}

@Article{Bland:OG:2002,
  Title                    = {Interpreting statistics with confidence},
  Author                   = {Bland, J Martin and Peacock, Janet L},
  Journal                  = {The Obstetrician \& Gynaecologist},
  Year                     = {2002},
  Number                   = {3},
  Pages                    = {176--180},
  Volume                   = {4},

  Doi                      = {10.1576/toag.2002.4.3.176},
  ISSN                     = {1744-4667},
  Publisher                = {Blackwell Publishing Ltd}
}

@Conference{Boureau:CVPR:2010,
  Title                    = {Learning mid-level features for recognition},
  Author                   = {Boureau, Y.-L. and Bach, F. and LeCun, Y. and Ponce, J.},
  Booktitle                = C_CVPR,
  Year                     = {2010},
  Month                    = jun,
  Pages                    = {2559-2566},

  Doi                      = {10.1109/CVPR.2010.5539963},
  ISSN                     = {1063-6919},
  Keywords                 = {Gabor filters;feature extraction;learning (artificial intelligence);object recognition;vector quantisation;Gabor filter responses;SIFT descriptors;coding step;feature extraction;low level descriptors;mid level features learning;object recognition;pointwise transformation;pooling step;sparse coding;vector quantization;Convolutional codes;Dictionaries;Feature extraction;Gabor filters;Image classification;Image coding;Image representation;Layout;Object recognition;Vector quantization}
}

@TechReport{Buhan:CTITUT:2005,
  Title                    = {The state of the art in abuse of biometrics},
  Author                   = {I. R. {Buhan} and P. H. {Hartel}},
  Institution              = {Centre for Telematics and Information Technology University of Twente},
  Year                     = {2005},

  Address                  = {Enschede},
  Month                    = sep,
  Number                   = {TR-CTIT-05-41},
  Type                     = {Technical Report},

  Eprint_note              = {Imported from DIES},
  Eprintid                 = {722},
  ISSN                     = {1381-3625},
  Publisher                = {Centre for Telematics and Information Technology University of Twente},
  Refereed                 = {No},
  Research_groups          = {EWI-DIES: Distributed and Embedded Security},
  Research_programs        = {CTIT-ISTRICE: Integrated Security and Privacy in a Networked World},
  Research_projects        = {Secure Grip}
}

@Article{Burghouts:PRL:2013,
  Title                    = {Spatio-temporal layout of human actions for improved bag-of-words action detection},
  Author                   = {G.J. Burghouts and K. Schutte},
  Journal                  = J_PRL,
  Year                     = {2013},
  Number                   = {15},
  Pages                    = {1861--1869},
  Volume                   = {34}
}

@Conference{Chakka:IJCB:2011,
  Title                    = {{Competition on Counter Measures to 2-D Facial Spoofing Attacks}},
  Author                   = {Chakka, M.M. and Anjos, A. and Marcel, S. and Tronci and et al.},
  Booktitle                = C_IJCB,
  Year                     = {2011},
  Pages                    = {1-6},

  Doi                      = {10.1109/IJCB.2011.6117509},
  Keywords                 = {face recognition;image motion analysis;image texture;object detection;security of data;2D face recognition systems;2D facial spoofing attacks;counter measures;liveness detection;spoofing identities;texture analysis;Erbium;Protocols;Strontium;Videos}
}

@Article{Chang:2011:TIST,
  Title                    = {{LIBSVM: A Library for Support Vector Machines}},
  Author                   = {Chang, Chih-Chung and Lin, Chih-Jen},
  Journal                  = J_TIST,
  Year                     = {2011},
  Pages                    = {27:1--27:27},
  Volume                   = {2},

  Issue                    = {3}
}

@Conference{Chingovska:BIOSEG:2012,
  Title                    = {On the effectiveness of local binary patterns in face anti-spoofing},
  Author                   = {Chingovska, I. and Anjos, A. and Marcel, S.},
  Booktitle                = C_BIOSIG,
  Year                     = {2012},
  Month                    = sep,
  Pages                    = {1 -7},

  ISSN                     = {1617-5468},
  Keywords                 = {LBP;REPLAY-ATTACK;biometric evidence;biometric modality;biometric recognition system;electronic screen;face antispoofing;face recognition;face spoofing attack detection;face spooling database;local binary pattern;printed photograph;security trait;texture feature;video processing;biometrics (access control);digital photography;face recognition;image texture;screens (display);video signal processing;visual databases;}
}

@Conference{Chingovska:ICB:2013,
  Title                    = {{The 2nd Competition on Counter Measures to 2D Face Spoofing Attacks}},
  Author                   = {Chingovska, I. and Yang, J. and Lei, Z. and Yi, D. et al.},
  Booktitle                = C_ICB,
  Year                     = {2013},
  Month                    = jun,
  Pages                    = {1-6},

  Keywords                 = {face recognition;security of data;2D face spoofing attacks;counter measures;crucial security problem;face modality;replay-attack database;Biometrics (access control);Databases;Educational institutions;Face;Feature extraction;Vectors;Visualization}
}

@Conference{Chun:RAVIS:2002,
  Title                    = {Fast Text Caption Localization on Video Using Visual Rhythm},
  Author                   = {Chun, SeongSoo and Kim, Hyeokman and Jung-Rim, Kim and Oh, Sangwook and Sull, Sanghoon},
  Booktitle                = {Recent Advances in Visual Information Systems},
  Year                     = {2002},
  Pages                    = {259-268},

  Doi                      = {10.1007/3-540-45925-1_24},
  ISBN                     = {978-3-540-43358-3},
  Language                 = {English}
}

@Article{Chung:KT:1999,
  Title                    = {Automatic Video Segmentation based on Spatio-Temporal Features},
  Author                   = {M.-G. Chung and J. Lee and H. Kim and S. M.-H. Song and W.-M. Kim},
  Journal                  = {Korea Telecom},
  Year                     = {1999},
  Number                   = {4},
  Pages                    = {4--14},
  Volume                   = {1}
}

@Article{Cortes:ML:1995,
  Title                    = {Support-Vector Networks},
  Author                   = {Corinna Cortes and Vladimir Vapnik},
  Journal                  = J_ML,
  Year                     = {1995},

  Month                    = sep,
  Number                   = {3},
  Pages                    = {273--297},
  Volume                   = {20},

  Address                  = {Hingham, MA, USA},
  ISSN                     = {0885-6125},
  Issue_date               = {Sept. 1995},
  Numpages                 = {25},
  Publisher                = {Kluwer Academic Publishers}
}

@Conference{Dalal:CVPR:2005,
  Title                    = {Histograms of oriented gradients for human detection},
  Author                   = {Dalal, N. and Triggs, B.},
  Booktitle                = C_CVPR,
  Year                     = {2005},
  Month                    = jun,
  Pages                    = {886 -893 vol. 1},
  Volume                   = {1},

  ISSN                     = {1063-6919},
  Keywords                 = {High performance computing;Histograms;Humans;Image databases;Image edge detection;Object detection;Object recognition;Robustness;Support vector machines;Testing;feature extraction;gradient methods;object detection;object recognition;support vector machines;coarse spatial binning;contrast normalization;edge based descriptors;fine orientation binning;fine-scale gradients;gradient based descriptors;histograms of oriented gradients;human detection;linear SVM;overlapping descriptor;pedestrian database;robust visual object recognition;}
}

@Conference{Marsico:ICB:2012,
  Title                    = {Moving face spoofing detection via 3D projective invariants},
  Author                   = {De Marsico, M. and Nappi, M. and Riccio, D. and Dugelay, J.},
  Booktitle                = C_ICB,
  Year                     = {2012},
  Month                    = apr,
  Pages                    = {73 -78},

  Keywords                 = {3D face estimation;3D projective invariants;face recognition;geometric invariants;moving face spoofing detection;replay attack detection;computational geometry;face recognition;object detection;security of data;}
}

@Conference{Erdogmus:BIOSIG:2013,
  Title                    = {Spoofing 2{D} face recognition systems with 3{D} masks},
  Author                   = {Erdogmus, N. and Marcel, S.},
  Booktitle                = C_BIOSIG,
  Year                     = {2013},
  Pages                    = {1-8},

  Keywords                 = {biometrics (access control);face recognition;fraud;message authentication;wavelet transforms;2D face recognition system;3D attack instrument;3D facial mask;Gabor-wavelet-based algorithm;biometric trait;fraud detection;mobile device;spoofing attack;spoofing problem;Accuracy;Databases;Face;Face recognition;Lighting;Shape;Three-dimensional displays}
}

@InProceedings{Erdogmus:BTAS:2013,
  Title                    = {Spoofing in 2{D} Face Recognition with 3{D} Masks and Anti-spoofing with Kinect},
  Author                   = {Erdogmus, Nesli and Marcel, S{\'{e}}bastien},
  Booktitle                = C_BTAS,
  Year                     = {2013},
  Month                    = {Sept},
  Pages                    = {1--6}
}

@Misc{facebook,
  Author                   = {FaceBook},
  Note                     = {\url{http://www.facebook.com}},
  Year                     = {2013}
}

@Conference{Bigun:LNCS:2013,
  Title                    = {Two-Frame Motion Estimation Based on Polynomial Expansion},
  Author                   = {Farneb\"{a}ck, Gunnar},
  Booktitle                = {Image Analysis},
  Year                     = {2003},
  Pages                    = {363-370},

  Doi                      = {10.1007/3-540-45103-X_50},
  ISBN                     = {978-3-540-40601-3},
  Language                 = {English}
}

@Conference{Pereira:ICB:2013,
  Title                    = {Can face anti-spoofing countermeasures work in a real world scenario?},
  Author                   = {de Freitas Pereira, T. and Anjos, A. and De Martino, J.M. and Marcel, S.},
  Booktitle                = C_ICB,
  Year                     = {2013},
  Pages                    = {1-8},

  Doi                      = {10.1109/ICB.2013.6612981},
  Keywords                 = {authorisation;face recognition;visual databases;CASIA face anti spoofing database;attack diversity;face anti spoofing countermeasures;face biometrics;information protection;real world scenario;replay attack database;user authentication;video databases;Authentication;Biometrics (access control);Databases;Face;Feature extraction;Protocols;Training}
}

@Article{Pereira:JIVP:2014,
  Title                    = {Face liveness detection using dynamic texture},
  Author                   = {Freitas Pereira, Tiago and Komulainen, Jukka and Anjos, Andre and De Martino, Jose and Hadid, Abdenour and Pietikainen, Matti and Marcel, Sebastien},
  Journal                  = J_JIVP,
  Year                     = {2014},
  Number                   = {1},
  Pages                    = {2},
  Volume                   = {2014},

  Doi                      = {10.1186/1687-5281-2014-2},
  ISSN                     = {1687-5281}
}

@Conference{Gunther:ICANN:2012,
  Title                    = {Face Recognition with Disparity Corrected Gabor Phase Differences},
  Author                   = {G\"{u}nther, Manuel and Haufe, Dennis and W\"{u}rtz, Rolf P.},
  Booktitle                = C_ICANN,
  Year                     = {2012},
  Pages                    = {411--418},

  Doi                      = {10.1007/978-3-642-33269-2_52},
  Numpages                 = {8}
}

@InProceedings{Gemert:ECCV:2008,
  Title                    = {Kernel Codebooks for Scene Categorization},
  Author                   = {Gemert, Jan C. and Geusebroek, Jan-Mark and Veenman, Cor J. and Smeulders, Arnold W.},
  Booktitle                = C_ECCV,
  Year                     = {2008},

  Pages                    = {696--709},
  Publisher                = {Springer-Verlag},
  Acmid                    = {1478227},
  Doi                      = {10.1007/978-3-540-88690-7_52},
  ISBN                     = {978-3-540-88689-1},
  Location                 = {Marseille, France},
  Numpages                 = {14}
}

@Article{Georghiades:2001:TPAMI,
  Title                    = {From few to many: illumination cone models for face recognition under variable lighting and pose},
  Author                   = {Georghiades, A.S. and Belhumeur, P.N. and Kriegman, D.},
  Journal                  = TPAMI,
  Year                     = {Jun},
  Number                   = {6},
  Pages                    = {643-660},
  Volume                   = {23},

  Keywords                 = {albedo;computer vision;face recognition;image reconstruction;image representation;learning systems;lighting;rendering (computer graphics);albedo;appearance-based method;computer vision;generative models;human face recognition;illumination cone;image reconstruction;image representation;learning systems;lighting;pose modeling;rendering;Face recognition;Humans;Image recognition;Image reconstruction;Lighting;Performance evaluation;Rendering (computer graphics);Shape;Testing;Vectors}
}

@Conference{Guimaraes:SIBGRAPI:2001,
  Title                    = {{A Method for Cut Detection Based on Visual Rhythm}},
  Author                   = {S. J. F. Guimaraes and M. Couprie and N. J. Leite and A. A. Araujo},
  Booktitle                = C_SIBGRAPI,
  Year                     = {2001},
  Pages                    = {297--304}
}

@Article{Haralick:TSMC:1973,
  Title                    = {Textural Features for Image Classification},
  Author                   = {Haralick, Robert M. and Shanmugam, K. and Dinstein, Its'Hak},
  Journal                  = TSMC,
  Year                     = {1973},

  Month                    = nov,
  Number                   = {6},
  Pages                    = {610 -621},
  Volume                   = {SMC-3},

  ISSN                     = {0018-9472}
}

@Book{Hayter:CL:2012,
  Title                    = {Probability and Statistics for Engineers and Scientists},
  Author                   = {Hayter, A.},
  Publisher                = {Cengage Learning},
  Year                     = {2012},
  Edition                  = {4th},

  ISBN                     = {9781111827045},
  Lccn                     = {2011933683}
}

@Conference{Vela:ICPR:2012,
  Title                    = {{BoVDW: Bag-of-Visual-and-Depth-Words for gesture recognition}},
  Author                   = {Hernandez-Vela, A. and Bautista, M.A. and Perez-Sala, X. and Ponce, V. and Baro, X. and Pujol, O. and Angulo, C. and Escalera, S.},
  Booktitle                = C_ICPR,
  Year                     = {2012},
  Month                    = nov,
  Pages                    = {449-452},

  ISSN                     = {1051-4651},
  Keywords                 = {gesture recognition;image retrieval;BoVDW model;BoVW model;DTW algorithm;RGB features;bag-of-visual-and-depth-words;bag-of-visual-words model;continuous gesture recognition pipeline;depth descriptor;depth features;dynamic time warping algorithm;late fusion fashion;multimodal fusion;visual features;Cameras;Computational modeling;Detectors;Gesture recognition;Histograms;Pipelines;Visualization}
}

@Article{Hoskuldsson:JC:1988,
  Title                    = {PLS Regression Methods},
  Author                   = {Agnar Hoskuldsson},
  Journal                  = J_C,
  Year                     = {1988},
  Number                   = {3},
  Pages                    = {211--228},
  Volume                   = {2},

  ISSN                     = {1099-128X},
  Publisher                = {John Wiley \& Sons, Ltd.}
}

@Article{Jain:Computer:2011,
  Title                    = {{Matching Forensic Sketches and Mug Shots to Apprehend Criminals}},
  Author                   = {A.K. Jain and B. Klare},
  Journal                  = {Computer},
  Year                     = {2011},
  Number                   = {5},
  Pages                    = {94--96},
  Volume                   = {44}
}

@Conference{Jain:HB:2008,
  Title                    = {Introduction to Biometrics},
  Author                   = {Jain, AnilK. and Ross, Arun},
  Booktitle                = {Handbook of Biometrics},
  Year                     = {2008},
  Editor                   = {Jain, AnilK. and Flynn, Patrick and Ross, Arun A.},
  Pages                    = {1-22},
  Publisher                = {Springer US},

  Doi                      = {10.1007/978-0-387-71041-9_1},
  ISBN                     = {978-0-387-71040-2}
}

@Conference{Jain:IB:2011,
  Title                    = {Introduction},
  Author                   = {Jain, AnilK. and Ross, Arun A. and Nandakumar, Karthik},
  Booktitle                = {Introduction to Biometrics},
  Year                     = {2011},
  Pages                    = {1-49},
  Publisher                = {Springer US},

  Doi                      = {10.1007/978-0-387-77326-1_1},
  ISBN                     = {978-0-387-77325-4},
  Language                 = {English}
}

@Book{Jain:HB:2010,
  Title                    = {Handbook of Biometrics},
  Author                   = {Jain, Anil K. and Flynn, Patrick and Ross, Arun A.},
  Publisher                = {Springer Publishing Company, Incorporated},
  Year                     = {2010},
  Edition                  = {1st},

  ISBN                     = {1441943757, 9781441943750}
}

@Book{James:STS:2013,
  Title                    = {An Introduction to Statistical Learning: With Applications in R},
  Author                   = {James, G. and Hastie, T. and Witten, D. and Tibshirani, R.},
  Publisher                = {Springer London, Limited},
  Year                     = {2013},
  Series                   = {Springer Texts in Statistics},

  ISBN                     = {9781461471370}
}

@Conference{Kahm:BIOSEG:2012,
  Title                    = {{2D face liveness detection: An overview}},
  Author                   = {Kahm, O. and Damer, N.},
  Booktitle                = C_BIOSIG,
  Year                     = {2012},
  Month                    = sep,
  Pages                    = {1 -12},

  ISSN                     = {1617-5468},
  Keywords                 = {2D face liveness detection algorithm;2D images;biometric approach;face recognition;liveness indicator;spoof attacks;face recognition;security of data;}
}

@Conference{Kim:ICB:2012,
  Title                    = {Face liveness detection based on texture and frequency analyses},
  Author                   = {Gahyun Kim and Sungmin Eum and Jae Kyu Suhr and Dong Ik Kim and Kang Ryoung Park and Jaihie Kim},
  Booktitle                = C_ICB,
  Year                     = {2012},
  Month                    = apr,
  Pages                    = {67 -72},

  Keywords                 = {2D paper mask discrimination;LBP;Web camera;automated teller machine;frequency analyses;frequency information;liveness detectors;local binary pattern;power spectrum;single image-based face liveness detection method;still images;texture analyses;texture information;automatic teller machines;cameras;face recognition;frequency-domain analysis;image texture;}
}

@InProceedings{Klaeser:BMVA:2008,
  Title                    = {A Spatio-Temporal Descriptor Based on 3{D}-Gradients},
  Author                   = {Klaeser, A. and Marszalek, M. and Schmid, C.},
  Booktitle                = {Proceedings of the British Machine Vision Conference},
  Year                     = {2008},
  Note                     = {doi:10.5244/C.22.99},
  Pages                    = {99.1-99.10},
  Publisher                = {BMVA Press},

  Editors                  = {Everingham, M. and Needham, C.},
  ISBN                     = {1-901725-36-7}
}

@Article{Kollreider:IVC:2009,
  Title                    = {Non-intrusive liveness detection by face images},
  Author                   = {K. Kollreider and H. Fronthaler and J. Bigun},
  Journal                  = J_IVC,
  Year                     = {2009},
  Number                   = {3},
  Pages                    = {233--244},
  Volume                   = {27},

  Keywords                 = {Face liveness; Liveness detection; Anti-spoofing measures; Optical flow; Motion of lines; Optical flow of lines; Orientation estimation; Face part models; Retinotopic vision; Local Gabor decomposition; Support vector machine classification;}
}

@Conference{Komulainen:ACCV:2012,
  Title                    = {Face Spoofing Detection Using Dynamic Texture},
  Author                   = {Komulainen, Jukka and Hadid, Abdenour and Pietik\"{a}inen, Matti},
  Booktitle                = W_ACCV,
  Year                     = {2013},
  Pages                    = {146-157},

  Doi                      = {10.1007/978-3-642-37410-4_13},
  ISBN                     = {978-3-642-37409-8}
}

@Conference{Komulainen:ICB:2013,
  Title                    = {Complementary countermeasures for detecting scenic face spoofing attacks},
  Author                   = {Komulainen, J. and Hadid, A. and Pietikainen, M. and Anjos, A. and Marcel, S.},
  Booktitle                = C_ICB,
  Year                     = {2013},
  Month                    = jun,
  Pages                    = {1-7},

  Doi                      = {10.1109/ICB.2013.6612968},
  Keywords                 = {face recognition;image classification;image fusion;HTER;complementary countermeasures;complex classification schemes;face recognition community;fusion performance;half-total error rate;motion based countermeasures;replay attack database;scenic face spoofing attacks;texture based countermeasures;visual cues;Databases;Error analysis;Face;Feature extraction;Motion measurement;Videos;Visualization}
}

@Conference{Kose:DSP:2013,
  Title                    = {Reflectance analysis based countermeasure technique to detect face mask attacks},
  Author                   = {Neslihan Kose and Jean-Luc Dugelay},
  Booktitle                = C_DSP,
  Year                     = {2013},
  Pages                    = {1-6},

  Doi                      = {10.1109/ICDSP.2013.6622704},
  ISSN                     = {1546-1874},
  Keywords                 = {face recognition;image classification;image texture;object detection;realistic images;2D face mask attack database;3D face mask attack database;3D scans acquisition;classification accuracy;face mask attack detection;face photographs;face recognition system;face spoofing;image texture;mask spoofing detection;public mask attack databases;real faces;reflectance analysis based countermeasure technique;reflectance characteristics;videos;Classification algorithms;Databases;Face;Lighting;Reflectivity;Three-dimensional displays;Training;countermeasure;face spoofing;mask attacks}
}

@Conference{Kose:FG:2013,
  Title                    = {Countermeasure for the protection of face recognition systems against mask attacks},
  Author                   = {Neslihan Kose and Jean-Luc Dugelay},
  Booktitle                = C_AFGR,
  Year                     = {2013},
  Pages                    = {1-6},

  Doi                      = {10.1109/FG.2013.6553761},
  Keywords                 = {face recognition;image texture;security of data;visual databases;2D-3D face mask attack;3D face shape characteristics;countermeasure technique;depth maps;face recognition system protection;face texture;mask attack detection;public mask attacks database;spoofing attacks;texture images;Databases;Face;Face recognition;Histograms;Shape;Solid modeling;Training;countermeasure;face spoofing;mask attacks}
}

@Conference{Kose:ICASSP:2013,
  Title                    = {On the vulnerability of face recognition systems to spoofing mask attacks},
  Author                   = {Neslihan Kose and Jean-Luc Dugelay},
  Booktitle                = C_ICASSP,
  Year                     = {2013},
  Pages                    = {2357-2361},

  Doi                      = {10.1109/ICASSP.2013.6638076},
  ISSN                     = {1520-6149},
  Keywords                 = {computer crime;face recognition;image texture;shape recognition;2D texture analysis;2D+3D mask database;3D face recognition systems;3D face shape analysis;high-quality mask attacks;photograph;spoofing mask attacks;video attacks;Databases;Face;Face recognition;Robustness;Shape;Solid modeling;Three-dimensional displays;face mask;face recognition;spoofing}
}

@Conference{Lagorio:IWBF:2013,
  Title                    = {Liveness detection based on {3D} face shape analysis},
  Author                   = {Lagorio, A. and Tistarelli, M. and Cadoni, M. and Fookes, C. and Sridharan, S.},
  Booktitle                = W_BF,
  Year                     = {2013},
  Pages                    = {1-4},

  Doi                      = {10.1109/IWBF.2013.6547310},
  Keywords                 = {face recognition;image sequences;object detection;visual databases;3D curvature;3D face database;3D face shape analysis;3D face structure;face biometric system;face recognition system;liveness detection method;photo sequence;spoofing attack;video sequence;3D Face recognition;Biometrics;Pattern recognition;Shape analysis;liveness detection}
}

@Conference{Lee:ICASSP:2013,
  Title                    = {Liveness detection using frequency entropy of image sequences},
  Author                   = {Ting-Wei Lee and Gwo-Hwa Ju and Heng-Sung Liu and Yu-Shan Wu},
  Booktitle                = C_ICASSP,
  Year                     = {2013},
  Pages                    = {2367-2370},

  Doi                      = {10.1109/ICASSP.2013.6638078},
  ISSN                     = {1520-6149},
  Keywords                 = {biometrics (access control);fast Fourier transforms;image colour analysis;image sequences;independent component analysis;FFT;Fast Fourier Transform;ICA algorithm;RGB channels;biometric authentication systems;color channel;color video;copy attack;cross channel image noises;face region;fatal threat;frequency entropy;image sequences;independent component analysis;liveness detection;photograph spoofing;power spectra;spoofing attack;time sequences;Accuracy;Algorithm design and analysis;Entropy;Face;Image sequences;Independent component analysis;Spectral analysis;Liveness detection;entropy}
}

@Conference{Li:BTHI:2004,
  Title                    = {Live face detection based on the analysis of Fourier spectra},
  Author                   = {Li, Jiangwei and Wang, Yunhong and Tan, Tieniu and Jain, Anil K.},
  Booktitle                = C_BTHI,
  Year                     = {2004},
  Pages                    = {296--303},
  Publisher                = {Proc. SPIE},
  Volume                   = {5404}
}

@Conference{Li:ICMLC:2008,
  Title                    = {Eye blink detection based on multiple Gabor response waves},
  Author                   = {Jiang-Wei Li},
  Booktitle                = C_ICMLC,
  Year                     = {2008},
  Month                    = jul,
  Pages                    = {2852 -2856},
  Volume                   = {5},

  Keywords                 = {Gabor decomposition;Gabor response wave;eye blink detection;eye image;face recognition;liveness detection;multiorientation Gabor response;multiscale Gabor response;probable blinking signal;pulse segmentation;reshaped pulse;signal analysis;union to the intersection;eye;face recognition;object detection;}
}

@Article{Liu:TIP:2001,
  Title                    = {A shape- and texture-based enhanced Fisher classifier for face recognition},
  Author                   = {Chengjun Liu and Wechsler, H.},
  Journal                  = J_TIP,
  Year                     = {2001},

  Month                    = apr,
  Number                   = {4},
  Pages                    = {598-608},
  Volume                   = {10},

  Doi                      = {10.1109/83.913594},
  ISSN                     = {1057-7149},
  Keywords                 = {covariance matrices;eigenvalues and eigenfunctions;face recognition;feature extraction;image classification;image coding;image texture;principal component analysis;Mahalanobis distance classifiers;covariance matrix;distance measure;eigenfaces method;enhanced Fisher linear discriminant model;face coding;face recognition;facial expressions;feature geometry;illumination;masked images;normalized shape-free image;recognition accuracy;shape features;shape images;shape space dimension;shape-based enhanced Fisher classifier;texture features;texture space dimension;texture-based enhanced Fisher classifier;Computer science;Covariance matrix;Face recognition;Geometry;Image coding;Lighting;Performance evaluation;Principal component analysis;Shape control;Shape measurement}
}

@Conference{Liu:ICCV:2011,
  Title                    = {In defense of soft-assignment coding},
  Author                   = {Lingqiao Liu and Lei Wang and Xinwang Liu},
  Booktitle                = C_ICCV,
  Year                     = {2011},
  Month                    = nov,
  Pages                    = {2486-2493},

  Doi                      = {10.1109/ICCV.2011.6126534},
  ISSN                     = {1550-5499},
  Keywords                 = {image classification;image coding;object recognition;probability;classification performance;local features;localized soft-assignment coding;magic max pooling operation;mix order max pooling operation;object recognition;probabilistic interpretation;Educational institutions;Encoding;Feature extraction;Image coding;Probabilistic logic;Vectors;Visualization}
}

@Article{Lukas:TIFS:2006,
  Title                    = {Digital camera identification from sensor pattern noise},
  Author                   = {Luk\"{a}s, J. and Fridrich, J. and Goljan, M.},
  Journal                  = J_TIFS,
  Year                     = {2006},

  Month                    = jun,
  Number                   = {2},
  Pages                    = { 205 - 214},
  Volume                   = {1},

  ISSN                     = {1556-6013},
  Keywords                 = { JPEG compression; denoising filter; digital camera identification; false alarm rates; false rejection rates; gamma correction; image processing; sensor pattern noise; spread-spectrum watermark; cameras; data compression; filtering theory; image coding; image denoising; image sensors; watermarking;}
}

@Conference{Maatta:IJCB:2011,
  Title                    = {Face spoofing detection from single images using micro-texture analysis},
  Author                   = { M\"{a}\"{a}tt\"{a}, J. and Hadid, A. and Pietik\"{a}inen, M.},
  Booktitle                = C_IJCB,
  Year                     = {2011},
  Month                    = oct,
  Pages                    = {1 -7},

  Keywords                 = {face biometric systems;face recognition;face spoofing detection;illegitimate access;image quality assessment;microtexture analysis;multiscale local binary patterns;printing artifact characterization;printing artifacts;spoofing attacks;face recognition;image texture;object detection;security of data;}
}

@Article{Maatta:IET:2012,
  Title                    = {Face spoofing detection from single images using texture and local shape analysis},
  Author                   = {Maatta, J. and Hadid, A. and Pietikainen, M.},
  Journal                  = J_IETB,
  Year                     = {2012},

  Month                    = mar,
  Number                   = {1},
  Pages                    = {3 -10},
  Volume                   = {1},

  ISSN                     = {2047-4938},
  Keywords                 = {face biometric systems;face spoofing detection;facial image analysis;fast linear classification scheme;image quality assessment;light reflection;local shape analysis;low-level feature descriptors;printing artefact characterisation;printing quality defects;score level fusion;spoofing attacks;texture analysis;biometrics (access control);face recognition;image classification;image texture;}
}

@Book{Maltoni:HFR:2009,
  Title                    = {Handbook of Fingerprint Recognition},
  Author                   = {Maltoni, Davide and Maio, Dario and Jain, Anil K. and Prabhakar, Salil},
  Publisher                = {Springer Publishing Company, Incorporated},
  Year                     = {2009},
  Edition                  = {2nd},

  ISBN                     = {1848822537}
}

@Conference{Marasco:ICMCS:2011,
  Title                    = {Increase the security of multibiometric systems by incorporating a spoofing detection algorithm in the fusion mechanism},
  Author                   = {Marasco, Emanuela and Johnson, Peter and Sansone, Carlo and Schuckers, Stephanie},
  Booktitle                = C_ICMC,
  Year                     = {2011},
  Pages                    = {309--318},

  Acmid                    = {2040940},
  ISBN                     = {978-3-642-21556-8},
  Numpages                 = {10}
}

@Misc{myspace,
  Author                   = {MySpace},
  Note                     = {\url{http://www.myspace.com}},
  Year                     = {2013}
}

@Conference{Ngo:CVPR:1999,
  Title                    = {{Detection of Gradual Transitions Through Temporal Slice Analysis}},
  Author                   = {C.W. Ngo and T.C. Pong and R.T. Chin},
  Booktitle                = C_CVPR,
  Year                     = {1999}
}

@Article{Niebles:IJCV:2008,
  Title                    = {Unsupervised Learning of Human Action Categories Using Spatial-Temporal Words},
  Author                   = {Niebles, Juan Carlos and Wang, Hongcheng and Fei-Fei, Li},
  Journal                  = J_IJCV,
  Year                     = {2008},

  Month                    = sep,
  Number                   = {3},
  Pages                    = {299--318},
  Volume                   = {79},

  Acmid                    = {1380729},
  Address                  = {Hingham, MA, USA},
  Doi                      = {10.1007/s11263-007-0122-4},
  ISSN                     = {0920-5691},
  Issue_date               = {September 2008},
  Keywords                 = {Action categorization, Bag of words, Spatio-temporal interest points, Topic models, Unsupervised learning},
  Numpages                 = {20},
  Publisher                = {Kluwer Academic Publishers}
}

@InBook{Nixon:HB:2008,
  Title                    = {Handbook of Biometrics},
  Author                   = {K. Nixon and V. Aimale R. Rowe},
  Chapter                  = {{Spoof Detection Schemes}},
  Publisher                = {Springer},
  Year                     = {2008},

  Keyword                  = {Computer Science}
}

@Article{Gorman:PIEEE:2003,
  Title                    = {Comparing passwords, tokens, and biometrics for user authentication},
  Author                   = {O'Gorman, L.},
  Journal                  = J_PIEEE,
  Year                     = {2003},
  Number                   = {12},
  Pages                    = {2021-2040},
  Volume                   = {91},

  ISSN                     = {0018-9219},
  Keywords                 = {biometrics (access control);identification technology;protocols;security;speaker recognition;access control;biometrics;end-user authentication;human authentication;identity management;identity token;passwords;verification;Authentication;Biometrics;Computer networks;Humans;Identity management systems;Internet;Protection;Protocols;Security;Web sites}
}

@Article{Ojala:TPAMI:2002,
  Title                    = {Multiresolution gray-scale and rotation invariant texture classification with local binary patterns},
  Author                   = {Ojala, T. and Pietikainen, M. and Maenpaa, T.},
  Journal                  = J_TPAMI,
  Year                     = {2002},

  Month                    = jul,
  Number                   = {7},
  Pages                    = {971 -987},
  Volume                   = {24},

  ISSN                     = {0162-8828},
  Keywords                 = {angular space;computational simplicity;gray-scale variations;local binary patterns;local image texture;multiresolution analysis;multiresolution gray-scale texture classification;nonparametric discrimination;occurrence histogram;prototype distributions;rotation invariant texture classification;sample distributions;spatial resolution;uniform patterns;image classification;image texture;invariance;nonparametric statistics;}
}

@Conference{Pan:ICCV:2007,
  Title                    = {Eyeblink-based Anti-Spoofing in Face Recognition from a Generic Webcamera},
  Author                   = {Gang Pan and Lin Sun and Zhaohui Wu and Shihong Lao},
  Booktitle                = C_ICCV,
  Year                     = {2007},
  Month                    = oct,
  Pages                    = {1-8},

  ISSN                     = {1550-5499},
  Keywords                 = {adaptive boosting algorithm;blink detection;cascaded Adaboost;eyeblink-based antispoofing;face recognition;generic Webcamera;real-time liveness detection approach;undirected conditional graphical framework;face recognition;hidden Markov models;object detection;}
}

@Article{Pan:TS:2011,
  Title                    = {Monocular camera-based face liveness detection by combining eyeblink and scene context},
  Author                   = {Pan, Gang and Sun, Lin and Wu, Zhaohui and Wang, Yueming},
  Journal                  = J_TS,
  Year                     = {2011},
  Pages                    = {215-225},
  Volume                   = {47},

  ISSN                     = {1018-4864},
  Issue                    = {3-4},
  Keywords                 = {Face recognition; Liveness detection; Face spoofing; Video-replay attack},
  Language                 = {English},
  Publisher                = {Springer US}
}

@InBook{Pan:InTech:2008,
  Title                    = {Recent Advances in Face Recognition},
  Author                   = {G. Pan and Z. Wu and L. Sun},
  Chapter                  = {Liveness detection for face recognition},
  Pages                    = {235--252},
  Publisher                = {InTech},
  Year                     = {2008}
}

@Article{pearson1901lap,
  Title                    = {{On lines and planes of closest fit to systems of points in space}},
  Author                   = {Pearson, K.},
  Journal                  = J_PM,
  Year                     = {1901},
  Number                   = {6},
  Pages                    = {559--572},
  Volume                   = {2},

  Citeulike-article-id     = {2013414},
  Keywords                 = {pca},
  Posted-at                = {2007-11-29 10:41:36},
  Priority                 = {2}
}

@Conference{Peixoto:ICIP:2011,
  Title                    = {Face liveness detection under bad illumination conditions},
  Author                   = {Peixoto, B. and Michelassi, C. and Rocha, A.},
  Booktitle                = C_ICIP,
  Year                     = {2011},
  Month                    = sep,
  Pages                    = {3557 -3560},

  ISSN                     = {1522-4880},
  Keywords                 = {LCD displayed photographs;bad illumination conditions;biometric system;face liveness detection;face recognition systems;laptop monitor;printed photograph;face recognition;}
}

@Article{Penatti:PR:2014,
  Title                    = {Visual word spatial arrangement for image retrieval and classification},
  Author                   = {Ot\'{a}vio A.B. Penatti and Fernanda B. Silva and Eduardo Valle and Valerie Gouet-Brunet and Ricardo da S. Torres},
  Journal                  = J_PR,
  Year                     = {2014},
  Number                   = {2},
  Pages                    = {705--720},
  Volume                   = {47}
}

@InProceedings{Perronnin:ECCV:2010,
  Title                    = {Improving the Fisher Kernel for Large-scale Image Classification},
  Author                   = {Perronnin, Florent and S\'{a}nchez, Jorge and Mensink, Thomas},
  Booktitle                = C_ECCV,
  Year                     = {2010},

  Pages                    = {143--156},
  Publisher                = {Springer-Verlag},
  Acmid                    = {1888101},
  ISBN                     = {3-642-15560-X, 978-3-642-15560-4},
  Location                 = {Heraklion, Crete, Greece},
  Numpages                 = {14}
}

@MastersThesis{Pinto:Unicamp:2013,
  Title                    = {A Countermeasure Method for Video-Based Face Spoofing Attacks},
  Author                   = {Pinto, Allan},
  School                   = {University of Campinas},
  Year                     = {2013},
  Month                    = oct
}

@Conference{Pinto:SIBGRAPI:2012,
  Title                    = {Video-Based Face Spoofing Detection through Visual Rhythm Analysis},
  Author                   = {Pinto, Allan and Pedrini, Helio and Schwartz, William Robson and Rocha, Anderson},
  Booktitle                = C_SIBGRAPI,
  Year                     = {2012},
  Month                    = aug,
  Pages                    = {221-228}
}

@Article{Rabiner:1989,
  Title                    = {A tutorial on hidden Markov models and selected applications in speech recognition},
  Author                   = {Rabiner, L.R.},
  Journal                  = J_PIEEE,
  Year                     = {1989},

  Month                    = feb,
  Number                   = {2},
  Pages                    = {257 -286},
  Volume                   = {77},

  ISSN                     = {0018-9219},
  Keywords                 = {balls-in-urns system;coin-tossing;discrete Markov chains;ergodic models;hidden Markov models;hidden states;left-right models;probabilistic function;speech recognition;Markov processes;speech recognition;}
}

@Article{Ren:PR:2009,
  Title                    = {State-of-the-art on spatio-temporal information-based video retrieval},
  Author                   = {W. Ren and S. Singh and M. Singh and Y.S. Zhu},
  Journal                  = J_PR,
  Year                     = {2009},
  Note                     = {{Learning Semantics from Multimedia Content}},
  Number                   = {2},
  Pages                    = {267 - 282},
  Volume                   = {42},

  Doi                      = {http://dx.doi.org/10.1016/j.patcog.2008.08.033},
  ISSN                     = {0031-3203},
  Keywords                 = {Video retrieval}
}

@Conference{Schwartz:IJCB:2011,
  Title                    = {Face spoofing detection through partial least squares and low-level descriptors},
  Author                   = {Robson Schwartz, W. and Rocha, A. and Pedrini, H.},
  Booktitle                = C_IJCB,
  Year                     = {2011},
  Month                    = oct,
  Pages                    = {1 -8},

  Keywords                 = {, face recognition techniques;access control;authentication reliability;crime solving;face spoofing detection;law enforcement;low-level descriptors;partial least squares;personal identity verification;security surveillance;authorisation;face recognition;fingerprint identification;iris recognition;}
}

@Article{Rocha:CSUR:2011,
  Title                    = {Vision of the unseen: Current trends and challenges in digital image and video forensics},
  Author                   = {Rocha, Anderson and Scheirer, Walter and Boult, Terrance and Goldenstein, Siome},
  Journal                  = J_ACMCS,
  Year                     = {2011},

  Month                    = oct,
  Number                   = {4},
  Pages                    = {26:1--26:42},
  Volume                   = {43},

  Acmid                    = {1978805},
  Address                  = {New York, NY, USA},
  Articleno                = {26},
  ISSN                     = {0360-0300},
  Issue_date               = {October 2011},
  Keywords                 = {Image and video forensics, forgery and fraud detection, hidden messages detection, image and video source identification, legal aspects},
  Numpages                 = {42},
  Publisher                = {ACM}
}

@Conference{Rodrigues:BTAS:2010,
  Title                    = {Evaluation of biometric spoofing in a multimodal system},
  Author                   = {Rodrigues, R.N. and Kamat, N. and Govindaraju, V.},
  Booktitle                = C_BTAS,
  Year                     = {2010},
  Month                    = sep,
  Pages                    = {1 -5},

  Keywords                 = {biometric spoofing;higher security;multimodal biometric systems;spoof attack scenarios;biometrics (access control);image recognition;security of data;}
}

@Article{Scheirer:TPAMI:2012,
  Title                    = {Towards Open Set Recognition},
  Author                   = {Scheirer, W. and Rocha, A. and Sapkota, A. and Boult, T.},
  Journal                  = J_TPAMI,
  Year                     = {2013},

  Month                    = jul,
  Number                   = {7},
  Pages                    = {1757--1772},
  Volume                   = {35},

  ISSN                     = {0162-8828}
}

@InProceedings{Schwartz:ICCV:2009,
  Title                    = {Human detection using partial least squares analysis},
  Author                   = {Schwartz, W.R. and Kembhavi, A. and Harwood, D. and Davis, L.S.},
  Booktitle                = C_ICCV,
  Year                     = {2009},
  Month                    = {Sept},
  Pages                    = {24-31},

  ISSN                     = {1550-5499}
}

@Conference{Sivic:ICCV:2003,
  Title                    = {Video Google: a text retrieval approach to object matching in videos},
  Author                   = {Sivic, J. and Zisserman, A.},
  Booktitle                = C_ICCV,
  Year                     = {2003},
  Pages                    = {1470-1477 vol.2},

  Doi                      = {10.1109/ICCV.2003.1238663},
  Keywords                 = {computer vision;content-based retrieval;image matching;image representation;video signal processing;visual databases;Video Google;document rankings;invariant region descriptors;inverted file systems;noise reduction;object matching;object retrieval;partial occlusion;scene retrieval;text retrieval approach;unstable regions;vector quantization;File systems;Image databases;Layout;Lighting;Noise reduction;Object recognition;Robots;Vector quantization;Visual databases;Web pages}
}

@Book{Smith:SEG:1997,
  Title                    = {{The Scientist and Engineer's Guide to Digital Signal Processing}},
  Author                   = {Smith, Steven W.},
  Publisher                = {California Technical Pub.},
  Year                     = {1997},

  Address                  = {San Diego, CA, USA},

  ISBN                     = {0-9660176-3-3}
}

@Conference{Sun:CAIP:2011,
  Title                    = {{TIR/VIS Correlation for Liveness Detection in Face Recognition}},
  Author                   = {Sun, Lin and Huang, WaiBin and Wu, MingHui},
  Booktitle                = C_CAIP,
  Year                     = {2011},
  Pages                    = {114-121},
  Doi                      = {10.1007/978-3-642-23678-5_12},
  Keywords                 = {liveness detection; thermal IR; correlation analysis}
}

@Conference{Tan:ECCV:2010,
  Title                    = {Face liveness detection from a single image with sparse low rank bilinear discriminative model},
  Author                   = {Tan, Xiaoyang and Li, Yi and Liu, Jun and Jiang, Lin},
  Booktitle                = C_ECCV,
  Year                     = {2010},
  Pages                    = {504--517},

  ISBN                     = {3-642-15566-9, 978-3-642-15566-6},
  Numpages                 = {14}
}

@Book{Tipton:CRC:2003,
  Title                    = {Information Security Management Handbook},
  Author                   = {Tipton, Harold},
  Publisher                = {CRC Press, Inc.},
  Year                     = {2003},

  Address                  = {Boca Raton, FL, USA},
  Edition                  = {5},

  ISBN                     = {0849319978}
}

@Conference{Tronci:IJCB:2011,
  Title                    = {Fusion of multiple clues for photo-attack detection in face recognition systems},
  Author                   = {Tronci, R. and Muntoni, D. and Fadda, G. and Pili, M. and Sirena, N. and Murgia, G. and Ristori, M. and Roli, F.},
  Booktitle                = C_IJCB,
  Year                     = {2011},
  Month                    = oct,
  Pages                    = {1 -6},

  Keywords                 = {2D face spoofing attacks;authentication session;face movements;face recognition systems;multiple clue fusion;photo attack detection;robust classification;static analysis;video analysis;authorisation;face recognition;image classification;image fusion;video signal processing;}
}

@Conference{Vigo:ICPR:2010,
  Title                    = {The Impact of Color on Bag-of-Words Based Object Recognition},
  Author                   = {Vigo, D.A.R. and Shahbaz Khan, F. and van de Weijer, J. and Gevers, T.},
  Booktitle                = C_ICPR,
  Year                     = {2010},
  Pages                    = {1549-1553},

  Doi                      = {10.1109/ICPR.2010.383},
  ISSN                     = {1051-4651},
  Keywords                 = {feature extraction;image colour analysis;image representation;object detection;object recognition;bag-of-word based object recognition;feature description;feature detection;feature extraction;image representation;informative color-based regions;local patch description;Color;Detectors;Feature extraction;Image color analysis;Image edge detection;Shape;Visualization;Bag-of-words representation;color attention;color saliency;object recognition}
}

@Conference{Viola:ICIP:2001,
  Title                    = {Rapid object detection using a boosted cascade of simple features},
  Author                   = {Viola, P. and Jones, M.},
  Booktitle                = C_CVPR,
  Year                     = {2001},
  Pages                    = { I-511 - I-518 vol.1},
  Volume                   = {1},

  ISSN                     = {1063-6919},
  Keywords                 = { AdaBoost; background regions; boosted simple feature cascade; classifiers; face detection; image processing; image representation; integral image; machine learning; object specific focus-of-attention mechanism; rapid object detection; real-time applications; statistical guarantees; visual object detection; feature extraction; image classification; image representation; learning (artificial intelligence); object detection;}
}

@Book{Walpole:PE:2007,
  Title                    = {Probability \& Statistics for Engineers and Scientists},
  Author                   = {Walpole, Ronald E. and Myers, Raymond H. and Myers, Sharon L. and Ye, Keying},
  Publisher                = {Pearson Education},
  Year                     = {2007},

  Address                  = {Upper Saddle River},
  Edition                  = {8th},

  Keywords                 = {statistics}
}

@Article{Wiskott:TPAMI:1997,
  Title                    = {Face recognition by elastic bunch graph matching},
  Author                   = {Wiskott, L. and Fellous, J.-M. and Kuiger, N. and Von der Malsburg, C.},
  Journal                  = J_TPAMI,
  Year                     = {1997},

  Month                    = {July},
  Number                   = {7},
  Pages                    = {775-779},
  Volume                   = {19},

  Doi                      = {10.1109/34.598235},
  ISSN                     = {0162-8828},
  Keywords                 = {face recognition;graph theory;spatial data structures;visual databases;wavelet transforms;Gabor wavelet transform;data structure;elastic bunch graph matching;face recognition;image graphs;labeled graphs;large database;node positioning;object-adapted graphs;phase information;Biology computing;Computer science;Data mining;Data structures;Face recognition;Frequency;Image databases;Image recognition;Wavelet coefficients;Wavelet transforms}
}

@Conference{Xu:ICIP:2008,
  Title                    = {Eye states detection by boosting Local Binary Pattern Histogram features},
  Author                   = {Cui Xu and Ying Zheng and Zengfu Wang},
  Booktitle                = C_ICIP,
  Year                     = {2008},
  Month                    = oct,
  Pages                    = {1480--1483},

  ISSN                     = {1522-4880},
  Keywords                 = {AdaBoost learning;appearance based binary classification problem;eye states detection;feature extraction;local binary pattern histogram features boosting;reference templates;feature extraction;image classification;object detection;}
}

@InProceedings{Yan:ICARCV:2012,
  Title                    = {Face liveness detection by exploring multiple scenic clues},
  Author                   = {Junjie Yan and Zhiwei Zhang and Zhen Lei and Dong Yi and Stan Z. Li},
  Booktitle                = C_ICARCV,
  Year                     = {2012},
  Month                    = {Dec},
  Pages                    = {188-193}
}

@Misc{youtube,
  Author                   = {YouTube},
  Note                     = {\url{http://www.youtube.com}},
  Year                     = {2013}
}

@Conference{Zamani:ICPAIR:2011,
  Title                    = {{Multiple-frames Super-resolution for Closed Circuit Television Forensics}},
  Author                   = {N.A. Zamani and M.Z.A. Darus and S.N.H.S. Abdullah and M.J. Nordin},
  Booktitle                = C_ICPAIR,
  Year                     = {2011},
  Pages                    = {36--40},
  Volume                   = {1}
}

@Conference{Zhang:ICCV:2005,
  Title                    = {{Local Gabor binary pattern histogram sequence (LGBPHS): a novel non-statistical model for face representation and recognition}},
  Author                   = {Wenchao Zhang and Shiguang Shan and Wen Gao and Xilin Chen and Hongming Zhang},
  Booktitle                = C_ICCV,
  Year                     = {2005},
  Pages                    = {786-791 Vol. 1},
  Volume                   = {1},

  Doi                      = {10.1109/ICCV.2005.147},
  ISSN                     = {1550-5499},
  Keywords                 = {Gabor filters;face recognition;image representation;pattern clustering;AR face database;FERET face database;face recognition;face representation;histogram intersection;local Gabor binary pattern histogram sequence;nearest neighborhood;partially occluded face image;statistical learning;subspace discriminant analysis;Computer science;Content addressable storage;Face recognition;Histograms;Image databases;Noise robustness;Pattern recognition;Research and development;Statistical learning;Support vector machines}
}

@Conference{Zhang:ICB:2012,
  Title                    = {A face antispoofing database with diverse attacks},
  Author                   = {Zhiwei Zhang and Junjie Yan and Sifei Liu and Zhen Lei and Dong Yi and Li, S.Z.},
  Booktitle                = C_ICB,
  Year                     = {2012},
  Month                    = apr,
  Pages                    = {26 -31},

  Keywords                 = {baseline algorithm;cut photo attack;diverse attacks;face antispoofing database;face biometrics reliability;fake face attacks;genuine faces;high quality;low quality;normal quality;potential attack variations;test protocol;video attack;warped photo attack;face recognition;image coding;visual databases;}
}


@Article{Galbally:IEEEAcess:2014,
  author={Galbally, J. and Marcel, S. and Fierrez, J.},
  journal={IEEE Access},
  title={Biometric Antispoofing Methods: A Survey in Face Recognition},
  year={2014},
  month={},
  volume={2},
  pages={1530-1552},
  keywords={biometrics (access control);face recognition;security of data;biometric antispoofing methods;biometric community;biometric technology;biometric vulnerability;face recognition;presentation attack;synthetic forged version;technological evolution;voice recognition;Access control;Authentication;Biomedical monitoring;Biometrics;Computer security;Distance measurement;Fingerprint recognition;Immune system;Iris recognition;Speech recognition;Anti-Spoofing;Biometrics;Security;anti-spoofing;face;security},
  doi={10.1109/ACCESS.2014.2381273},
  ISSN={2169-3536}
}


@book{Marcel:HBA:2014,
 author = {Marcel, Sbastien and Nixon, Mark S. and Li, Stan Z.},
 title = {Handbook of Biometric Anti-Spoofing: Trusted Biometrics Under Spoofing Attacks},
 year = {2014},
 isbn = {1447165233, 9781447165231},
 publisher = {Springer Publishing Company, Incorporated}
} 

