@article{farid2009image,
    title={{Image Forgery Detection: A Survey}},
    author={Farid, Hany},
    journal={IEEE Signal Processing Magazine},
    volume={26},
    number={2},
    pages={16--25},
    year={2009}
}

@article{Rocha:CSUR:2011,
    title={{Vision of the Unseen: Current Trends and Challenges in Digital Image and Video Forensics}},
    author={A. Rocha and W. Scheirer and T. E. Boult and S. Goldenstein},
    journal={ACM Computing Surveys},
    year={2011},
    pages={1--42},
    volume={43}
}

@article{farid2017detect,
    title={{How to Detect Faked Photos}},
    author={Farid, Hany},
    journal={Sigma XI American Scientist},
    volume={105},
    number={2},
    pages={77--85},
    year={2017}
}

@article{Dias_2012,
    title={{Image Phylogeny by Minimal Spanning Trees}},
    author={Z. Dias and A. Rocha and S. Goldenstein},
    journal={IEEE Transactions on Information Forensics and Security},
    year={2012},
    number={2},
    pages={774-788},
    volume={7}
}

@article{Dias_2013,
    title={Exploring heuristic and optimum branching algorithms for image phylogeny},
    author={Dias, Zanoni and Goldenstein, Siome and Rocha, Anderson},
    journal={Elsevier Journal of Visual Communication and Image Representation},
    volume={24},
    number={7},
    pages={1124--1134},
    year={2013}
}

@misc{reddit2017photoshopbattles,
    author={{Reddit.com}}, 
	title={{Photoshopbattles}},
	howpublished={\url{https://www.reddit.com/r/photoshopbattles/} (accessed August 11, 2017)},
	year={2017}
}

@misc{cdc,
    author={Backer, J.},
    title={Disinformation},
	howpublished={\url{https://www.youtube.com/watch?v=SdIxzJXNsNA} (accessed August 11, 2017)},
	year={1999}
}

@misc{NYT1,
	author={Shane, S.},
	title={{From Headline to Photograph, a Fake News Masterpiece}},
	howpublished={The New York Times, \url{https://www.nytimes.com/2017/01/18/us/fake-news-hillary-clinton-cameron-harris.html} (accessed August 11, 2017)},
	year={2017}
}

@misc{PP1,
    author={Murabayashi, A.},
    title={{The Problem of Fake Photos in Fake News}},
    howpublished={PetaPixel, \url{https://petapixel.com/2017/01/19/problem-fake-photos-fake-news/} (accessed August 11, 2017)},
	year={2017}
}

@article{manovich2009cultural,
    title={{Cultural Analytics: Visualizing Cultural Patterns in the Era of ``More Media''}},
    author={Manovich, Lev},
    journal={Domus},
    month={March},
    year={2009}
}

@article{yamaoka2011cultural,
    title={{Cultural Analytics in Large-Scale Visualization Environments}},
    author={Yamaoka, So and Manovich, Lev and Douglass, Jeremy and Kuester, Falko},
    journal={IEEE Computer Society},
    volume={44},
    number={12},
    pages={39--48},
    year={2011}
}

@article{johnson2017billion,
    title={{Billion-scale similarity search with GPUs}},
    author={Johnson, Jeff and Douze, Matthijs and J{\'e}gou, Herv{\'e}},
    journal={ArXiv e-prints},
    volume={abs/1702.08734},
    year={2017}
}

@inproceedings{ge2013optimized,
    title={{Optimized Product Quantization for Approximate Nearest Neighbor Search}},
    author={Ge, Tiezheng and He, Kaiming and Ke, Qifa and Sun, Jian},
    booktitle={IEEE Conference on Computer Vision and Pattern Recognition (CVPR)},
    year={2013}
}

@inproceedings{Zisserman_2003,
    title={{Video Google: A Text Retrieval Approach to Object Matching in Videos}},
    author={Josef Sivic and Andrew Zisserman},
    booktitle={IEEE Conference on Computer Vision and Pattern Recognition (CVPR)},
    year={2003}
}

@inproceedings{pinto2017filtering,
    title={{Provenance Filtering for Multimedia Phylogeny}},
    author={Pinto, Allan and Moreira, Daniel and Bharati, Aparna and Brogan, Joel and Bowyer, Kevin and Flynn, Patrick and Scheirer, Walter and Rocha, Anderson},
    booktitle={IEEE International Conference on Image Processing (ICIP)},
    year={2017}
}

@article{russakovsky_2015,
    title={{ImageNet Large Scale Visual Recognition Challenge}},
    author={Olga Russakovsky and Jia Deng and Hao Su and Jonathan Krause and Sanjeev Satheesh and Sean Ma and Zhiheng Huang and Andrej Karpathy and Aditya Khosla and Michael Bernstein and others},
    journal={Springer International Journal of Computer Vision},
    volume={115},
    number={3},
    pages={211--252},
    year={2015}
}

@article{zhou_2017,
    title={{Places: A 10 million Image Database for Scene Recognition}},
    author={Bolei Zhou and Agata Lapedriza and Aditya Khosla and Aude Oliva and Antonio Torralba},
    journal={IEEE Transactions on Pattern Analysis and Machine Intelligence},
    volume={PP},
    number={99},
    pages={1--14},
    year={2017}
}

@article{lowry2016visual,
    title={{Visual Place Recognition: A Survey}},
    author={Lowry, Stephanie and S{\"u}nderhauf, Niko and Newman, Paul and Leonard, John J and Cox, David and Corke, Peter and Milford, Michael J},
    journal={IEEE Transactions on Robotics},
    volume={32},
    number={1},
    pages={1--19},
    year={2016}
}

@article{cehovin_2016,
    title={{Visual Object Tracking Performance Measures Revisited}},
    author={Luka {\v{C}}ehovin and Ale{\v{s}} Leonardis and Matej Kristan},
    journal={IEEE Transactions on Image Processing},
    volume={25},
    number={3},
    pages={1261--1274},
    year={2016}
}

@inproceedings{winkler_2013,
    title={{California-ND: An annotated dataset for near-duplicate detection in personal photo collections}},
    author={Amornched Jinda-Apiraksa and Vassilios Vonikakis and Stefan Winkler},
    booktitle={IEEE International Workshop on Quality of Multimedia Experience (QoMEX)},
    year={2013}
}

@inproceedings{Deselaers_2009,
    title={{Jointly Optimising Relevance and Diversity in Image Retrieval}},
    author={Deselaers, T. and Gass, T. and Dreuw, P. and Ney, H.},
    booktitle={ACM International Conference on Image and Video Retrieval (CIVR)},
    year={2009}
}

@inproceedings{Deselaers_2010,
    title={{Global and Efficient Self-Similarity for Object Classification and Detection}},
    author={Deselaers, Thomas and Ferrari, Vittorio},
    booktitle={IEEE Conference on Computer Vision and Pattern Recognition (CVPR)},
    year={2010}
}

@article{oliva_2006,
    title={Building the gist of a scene: The role of global image features in recognition},
    author={Oliva, Aude and Torralba, Antonio},
    journal={Elsevier Progress in Brain Research},
    volume={155},
    pages={23--36},
    year={2006}
}

@article{avila_2013,
    title={{Pooling in image representation: The visual codeword point of view}},
    author={Avila, Sandra and Thome, Nicolas and Cord, Matthieu and Valle, Eduardo and Ara{\'u}Jo, Arnaldo De A},
    journal={Elsevier Computer Vision and Image Understanding},
    volume={117},
    number={5},
    pages={453--465},
    year={2013}
}

@article{nanni2013heterogeneous,
    title={Heterogeneous bag-of-features for object/scene recognition},
    author={Nanni, Loris and Lumini, Alessandra},
    journal={Elsevier Applied Soft Computing},
    volume={13},
    number={4},
    pages={2171--2178},
    year={2013}
}

@inproceedings{szegedy_2015,
    title={{Going Deeper with Convolutions}},
    author={Szegedy, Christian and Liu, Wei and Jia, Yangqing and Sermanet, Pierre and Reed, Scott and Anguelov, Dragomir and Erhan, Dumitru and Vanhoucke, Vincent and Rabinovich, Andrew},
    booktitle={IEEE Conference on Computer Vision and Pattern Recognition (CVPR)},
    year={2015}
}

@article{krizhevsky_2017,
    author={Krizhevsky, Alex and Sutskever, Ilya and Hinton, Geoffrey E.},
    title={{ImageNet Classification with Deep Convolutional Neural Networks}},
    journal={ACM Communications},
    volume={60},
    number={6},
    year={2017},
    pages={84--90}
} 

@inproceedings{zhou2014learning,
    title={Learning deep features for scene recognition using places database},
    author={Zhou, Bolei and Lapedriza, Agata and Xiao, Jianxiong and Torralba, Antonio and Oliva, Aude},
    booktitle={International Conference on Neural Information Processing Systems (NIPS)},
    year={2014}
}

@article{wang2017knowledge,
    title={{Knowledge Guided Disambiguation for Large-Scale Scene Classification With Multi-Resolution CNNs}},
    author={Wang, Limin and Guo, Sheng and Huang, Weilin and Xiong, Yuanjun and Qiao, Yu},
    journal={IEEE Transactions on Image Processing},
    volume={26},
    number={4},
    pages={2055--2068},
    year={2017}
}

@inproceedings{maresca_2013,
  title={{MATRIOSKA: A Multi-level Approach to Fast Tracking by Learning}},
  author={Maresca, Mario Edoardo and Petrosino, Alfredo},
  booktitle={Springer International Conference on Image Analysis and Processing (ICIAP)},
  year={2013}
}

@inproceedings{yang2015ransac,
    title={{RANSAC} with {2D} geometric cliques for image retrieval and place recognition},
    author={Yang, G-Z and Johns, E},
    booktitle={Workshop on Visual Place Recognition in Changing Environments},
    year={2015}
}

@article{joly_2007,
    title={{Content-Based Copy Retrieval Using Distortion-Based Probabilistic Similarity Search}},
    author={Joly, Alexis and Buisson, Olivier and Frelicot, Carl},
    journal={IEEE Transactions on Multimedia},
    volume={9},
    number={2},
    pages={293--306},
    year={2007}
}

@inproceedings{huang_2008,
    title={{Detection of Copy-Move Forgery in Digital Images Using SIFT Algorithm}},
    author={Huang, Hailing and Guo, Weiqiang and Zhang, Yu},
    booktitle={IEEE Pacific-Asia Workshop on Computational Intelligence and Industrial Application},
    year={2008}
}

@article{silva_2015,
    title={{Going deeper into copy-move forgery detection: Exploring image telltales via multi-scale analysis and voting processes}},
    author={Silva, Ewerton and Carvalho, Tiago and Ferreira, Anselmo and Rocha, Anderson},
    journal={Elsevier Journal of Visual Communication and Image Representation},
    volume={29},
    pages={16--32},
    year={2015}
}

@inproceedings{milford2014condition,
    title={Condition-invariant, top-down visual place recognition},
    author={Milford, Michael and Scheirer, Walter and Vig, Eleonora and Glover, Arren and Baumann, Oliver and Mattingley, Jason and Cox, David},
    booktitle={IEEE International Conference on Robotics and Automation (ICRA)},
    pages={5571--5577},
    year={2014}
}

@article{Costa_2017,
    title={New dissimilarity measures for image phylogeny reconstruction},
    author={Costa, Filipe and Oliveira, Alberto and Ferrara, Pasquale and Dias, Zanoni and Goldenstein, Siome and Rocha, Anderson},
    journal={Springer Pattern Analysis and Applications},
    volume={20},
    number={4},
    pages={1289--1305},
    year={2017}
}

@inproceedings{bharati2017uphy,
    title={U-Phylogeny: Undirected Provenance Graph Construction in the Wild},
    author={Bharati, Aparna and Moreira, Daniel and Pinto, Allan and Brogan, Joel and Bowyer, Kevin and Flynn, Patrick and Scheirer, Walter and Rocha, Anderson},
    booktitle={IEEE International Conference on Image Processing (ICIP)},
    year={2017}
}

@inproceedings{zagoruyko_2015,
    title={{Learning to Compare Image Patches via Convolutional Neural Networks}},
    author={Zagoruyko, Sergey and Komodakis, Nikos},
    booktitle={IEEE Conference on Computer Vision and Pattern Recognition (CVPR)},
    pages={4353--4361},
    year={2015}
}

@inproceedings{simoserra_2015,
    title={{Discriminative Learning of Deep Convolutional Feature Point Descriptors}},
    author={Simo-Serra, Edgar and Trulls, Eduard and Ferraz, Luis and Kokkinos, Iasonas and Fua, Pascal and Moreno-Noguer, Francesc},
    booktitle={IEEE International Conference on Computer Vision (ICCV)},
    pages={118--126},
    year={2015}
}

@book{chollet_2017,
  title={{Deep Learning with Python}},
  author={Chollet, Franois},
  year={2017},
  publisher={Manning}
}

@article{lowe2004distinctive,
  title={Distinctive image features from scale-invariant keypoints},
  author={Lowe, D. G.},
  journal={Springer International Journal of Computer Vision},
  volume={60},
  number={2},
  pages={91--110},
  year={2004},
}

@inproceedings{Kennedy_2008,
    title={Internet image archaeology: Automatically tracing the manipulation history of photographs on the web},
    author={Kennedy, L. and Chang, S-F.},
    booktitle={ACM International Conference on Multimedia},
    year={2008}
}

@inproceedings{Dias_2011,
    title={Video phylogeny: Recovering near-duplicate video relationships},
    author={Dias, Z. and Rocha, A. and Goldenstein, S.},
    booktitle={IEEE International Workshop on Information Forensics and Security (WIFS)},
    year={2011}
}

@article{Dias_2013_large,
    title={{Large-Scale Image Phylogeny: Tracing Image Ancestral Relationships}},
    author={Dias, Zanoni and Goldenstein, Siome and Rocha, Anderson},
    journal={IEEE Multimedia},
    volume={20},
    number={3},
    pages={58--70},
    year={2013}
}

@article{edmonds_1967,
    title={{Optimum Branchings}},
    author={Edmonds, Jack},
    journal={Journal of Research of the National Bureau of Standards},
    volume={71},
    number={4},
    pages={233--240},
    year={1967}
}

@article{Dias_2013_fsi,
    title={Toward image phylogeny forests: Automatically recovering semantically similar image relationships},
    author={Dias, Z. and Goldenstein, S. and Rocha, A.},
    journal={Elsevier Forensic Science International},
    volume={231},
    number={1},
    pages={178--189},
    year={2013}
}

@article{Costa_2014,
    title={Image phylogeny forests reconstruction},
    author={Costa, F. and Oikawa, M. and Dias, Z. and Goldenstein, S. and de Rocha, A.},
    journal={IEEE Transactions on Information Forensics and Security},
    volume={9},
    number={10},
    pages={1533--1546},
    year={2014}
}

@article{oikawa_2016,
    title={{Manifold Learning and Spectral Clustering for Image Phylogeny Forests}},
    author={Oikawa, Marina A and Dias, Zanoni and de Rezende Rocha, Anderson and Goldenstein, Siome},
    journal={IEEE Transactions on Information Forensics and Security},
    volume={11},
    number={1},
    pages={5--18},
    year={2016}
}

@article{Oliveira_2016,
    title={Multiple parenting phylogeny relationships in digital images},
    author={de Oliveira, A. and Ferrara, P. and De Rosa, A. and Piva, A. and Barni, M. and Goldenstein, S. and Dias, Z. and Rocha, A.},
    journal={IEEE Transactions on Pattern Analysis and Machine Intelligence},
    volume={11},
    number={2},
    pages={328--343},
    year={2016},
}

@misc{nist2017plan,
	author={{National Institute of Standards and Technology}}, 
	title={{Nimble Challenge 2017 Evaluation Plan}},
	howpublished={\url{https://w3auth.nist.gov/sites/default/files/documents/2017/09/07/nc2017evaluationplan_20170804.pdf} (accessed October 11, 2017)},
	year={2017}
}

@misc{nist2017dataset,
    author={{National Institute of Standards and Technology}}, 
	title={{Nimble Challenge 2017 Evaluation}},
	howpublished={\url{https://www.nist.gov/itl/iad/mig/nimble-challenge-2017-evaluation} (accessed October 5, 2017)},
	year={2017}
}

@article{barroso2003web,
    title={Web search for a planet: The Google cluster architecture},
    author={Barroso, Luiz Andr{\'e} and Dean, Jeffrey and Holzle, Urs},
    journal={IEEE Micro},
    volume={23},
    number={2},
    pages={22--28},
    year={2003}
}

@misc{jacquicheng,
    author={Jacqui Cheng},
    title={{TinEye} image search helps ferret out copyright ripoffs},
    howpublished={\url{https://arstechnica.com/uncategorized/2008/08/tineye-image-search-helps-ferret-out-copyright-ripoffs/} (accessed June 14, 2018)},
    year={2008}
}


@article{Bay:CVIU:2008,
    title={{Speeded-Up Robust Features ({SURF})}},
    author={Bay, H. and Ess, A. and Tuytelaars, T. and Van Gool, L.},
    journal={Elsevier Computer Vision and Image Understanding},
    year={2008},
    number={3},
    pages={346--359},
    volume={110}
}

@article{Jegou:TPAMI:2011,
    title={Product Quantization for Nearest Neighbor Search},
    author={H. Jegou and M. Douze and C. Schmid},
    journal={IEEE Transactions on Pattern Analysis and Machine Intelligence},
    year={2011},
    number={1},
    pages={117-128},
    volume={33}
}

@inproceedings{brogan2017spotting,
    title={SPOTTING THE DIFFERENCE: CONTEXT RETRIEVAL AND ANALYSIS FOR IMPROVED FORGERY DETECTION AND LOCALIZATION},
    author={Brogan, Joel and Bestagini, Paolo and  Bharati, Aparna and Pinto, Allan and Moreira, Daniel and Bowyer, Kevin and Flynn, Patrick and Rocha, Anderson and Scheirer, Walter},
    booktitle={IEEE International Conference on Image Processing (ICIP)},
    year={2017}
}

@article{Matas_2004,
    title={{Robust Wide Baseline Stereo from Maximally Stable Extremal Regions}},
    author={Matas, Jiri and Chum, Ondrej and Urban, Martin and Pajdla, Tom{\'a}s},
    journal={Elsevier Image and Vision Computing},
    volume={22},
    number={10},
    pages={761--767},
    year={2004}
}

@misc{nist2017presentation,
    author={Fiscus, Jonathan and Guan, Haiying and Lee, Yooyoung and Yates, Amy and Delgado, Andrew and Zhou, Daniel and Joy, David and Pereira, August},
    title={{The 2017 Nimble Challenge Evaluation: Results and Future Directions}},
    howpublished={\url{https://www.nist.gov/sites/default/files/documents/2017/07/31/nist2017mediaforensicsworkshop_20170726.pdf} (accessed May 21, 2018)},
    year={2017}
}

@article{Papadimitriou_2010,
    title={Web graph similarity for anomaly detection},
    author={Papadimitriou, P. and Dasdan, A. and Garcia-Molina, H.},
    journal={Springer Journal of Internet Services and Applications},
    volume={1},
    number={1},
    pages={19--30},
    year={2010}
}

@article{flann_pami_2014,
    title={Scalable Nearest Neighbor Algorithms for High Dimensional Data},
    author={M. Muja and D. G. Lowe},
    journal={IEEE Transactions on Pattern Analysis and Machine Intelligence},
    year={2014},
    number={11},
    pages={2227-2240},
    volume={36},
}

@inproceedings{Attach:binary_matching_crv2012,
	author={Marius Muja and David G. Lowe},
	title={Fast Matching of Binary Features},
	booktitle={IEEE Conference on Computer and Robot Vision (CRV)},
	year={2012},
	pages={404-410}
}

@misc{Nimble_2017,
    author={{National Institute of Standards and Technology}},
    title={{The 2017 Nimble Challenge Evaluation Datasets}},
    howpublished={\url{https://www.nist.gov/itl/iad/mig/nimble-challenge} (accessed October 11, 2017)},
    year={2017}
}
