@article{Pinto:2009,
  author  = {N. Pinto and D. Doukhan and J. J. DiCarlo and D. D. Cox},
  title   = {A High-Throughput Screening Approach to Discovering Good Forms of Biologically-Inspired Visual Representation},
  journal = J_PLOS,
  year    = {2009},
  volume  = {5},
  number  = {11},
  pages   = {e1000579},
}


@InProceedings{Pinto:2011,
  author    = {N. Pinto and Z. Stone and T. Zickler and D. D. Cox},
  title     = {Scaling Up Biologically-Inspired Computer Vision: a Case Study in Unconstrained Face Recognition on Facebook},
  booktitle = C_CVPRW,
  year      = {2011},
  pages     = {35--42},
}



@InProceedings{Pinto:2011b,
  author    = {N. Pinto and D. D. Cox},
  title     = {Beyond Simple Features: A Large-Scale Feature Search Approach to Unconstrained Face Recognition},
  booktitle = C_AFGR,
  year      = {2011}, 
  pages     = {8--15},
}



@inproceedings{Chiachia:2012,
  author    = {G. Chiachia and N. Pinto and W. Schwartz and A. Rocha and A. X. Falc{\~{a}}o and D. Cox},
  title     = {Person-specific subspace analysis for unconstrained familiar face identification},
  booktitle = C_BMVC,
  year      = {2012},
  pages     = {1--12},
}


@article{Chiachia:2014,
  author    = {G. Chiachia and A. X. Falc{\~{a}}o and N. Pinto and A. Rocha and D. Cox},
  title     = {Learning person-specific face representation},
  journal   = J_TIFS,
  year      = {2014},
  note      = {accepted for publication},
}
  pages     = {???--???},


@InProceedings{Chakka:IJCB:2011,
  Title                    = {Competition on counter measures to 2-D facial spoofing attacks},
  Author                   = {Chakka, M.M. and Anjos, A. and Marcel, S. and Tronci, R. and Muntoni, D. and Fadda, G. and Pili, M. and Sirena, N. and Murgia, G. and Ristori, M. and Roli, F. and Junjie Yan and Dong Yi and Zhen Lei and Zhiwei Zhang and Li, S.Z. and Schwartz, W.R. and Rocha, A. and Pedrini, H. and Lorenzo-Navarro, J. and Castrillon-Santana, M. and Maatta, J. and Hadid, A. and Pietikainen, M.},
  Booktitle                = C_IJCB,
  Year                     = {2011},
  Pages                    = {1-6},
}

@Conference{Chakka2011,
  Title                    = {{Competition on Counter Measures to 2-D Facial Spoofing Attacks}},
  Author                   = {Chakka, M.M. and Anjos, A. and Marcel, S. and Tronci, R. and Muntoni, D. and Fadda, G. and Pili, M. and Sirena, N. and Murgia, G. and Ristori, M. and Roli, F. and Junjie Yan and Dong Yi and Zhen Lei and Zhiwei Zhang and Li, S.Z. and Schwartz, W.R. and Rocha, A. and Pedrini, H. and Lorenzo-Navarro, J. and Castrillon-Santana, M. and Maatta, J. and Hadid, A. and Pietikainen, M.},
  Booktitle                = C_IJCB,
  Year                     = {2011},
  Pages                    = {1-6},
}

@InProceedings{Chingovska:BIOSEG:2012,
  Title                    = {On the effectiveness of local binary patterns in face anti-spoofing},
  Author                   = {Chingovska, I. and Anjos, A. and Marcel, S.},
  Booktitle                = C_BIOSIG,
  Year                     = {2012},
  Pages                    = {1-7},
}

@InProceedings{Chingovska:ICB:2013,
  Title                    = {The 2nd competition on counter measures to 2D face spoofing attacks},
  Author                   = {Chingovska, I. and Yang, J. and Lei, Z. and Yi, D. and Li, S.Z. and Kahm, O. and Glaser, C. and Damer, N. and Kuijper, A. and Nouak, A. and Komulainen, J. and Pereira, T. and Gupta, S. and Khandelwal, S. and Bansal, S. and Rai, A. and Krishna, T. and Goyal, D. and Waris, M.-A. and Zhang, H. and Ahmad, I. and Kiranyaz, S. and Gabbouj, M. and Tronci, R. and Pili, M. and Sirena, N. and Roli, F. and Galbally, J. and Ficrrcz, J. and Pinto, A. and Pedrini, H. and Schwartz, W.S. and Rocha, A. and Anjos, A. and Marcel, S.},
  Booktitle                = C_ICB,
  Year                     = {2013},
  Pages                    = {1-6},
}

@Conference{Erdogmus:BIOSIG:2013,
  Title                    = {Spoofing 2{D} face recognition systems with 3{D} masks},
  Author                   = {Erdogmus, N. and Marcel, S.},
  Booktitle                = C_BIOSIG,
  Year                     = {2013},
  Pages                    = {1-8},
}

@InProceedings{Erdogmus:BTAS:2013,
  Title                    = {Spoofing in 2D face recognition with 3D masks and anti-spoofing with Kinect},
  Author                   = {Erdogmus, N. and Marcel, S.},
  Booktitle                = C_BTAS,
  Year                     = {2013},
  Pages                    = {1-6},
}

@InProceedings{Erdogmus2013,
  Title                    = {Spoofing in 2{D} Face Recognition with 3{D} Masks and Anti-spoofing with Kinect},
  Author                   = {Erdogmus, Nesli and Marcel, S{\'{e}}bastien},
  Booktitle                = C_BTAS,
  Year                     = {2013},
  Pages                    = {1--6}
}

@Conference{Pereira:ICB:2013,
  Title                    = {Can face anti-spoofing countermeasures work in a real world scenario?},
  Author                   = {de Freitas Pereira, T. and Anjos, A. and De Martino, J.M. and Marcel, S.},
  Booktitle                = C_ICB,
  Year                     = {2013},
  Pages                    = {1-8},
}

@Article{Pereira:JIVP:2014,
  Title                    = {Face liveness detection using dynamic texture},
  Author                   = {Freitas Pereira, Tiago and Komulainen, Jukka and Anjos, Andre and De Martino, Jose and Hadid, Abdenour and Pietikainen, Matti and Marcel, Sebastien},
  Journal                  = J_JIVP,
  Year                     = {2014},
  Number                   = {1},
  Pages                    = {2},
  Volume                   = {2014},
}


@Conference{Kose:DSP:2013,
  Title                    = {Reflectance analysis based countermeasure technique to detect face mask attacks},
  Author                   = {Kose, N. and Dugelay, J.-L.},
  Booktitle                = C_DSP,
  Year                     = {2013},
  Pages                    = {1-6},
}


@Conference{Kose:FG:2013,
  Title                    = {Countermeasure for the protection of face recognition systems against mask attacks},
  Author                   = {Kose, N. and Dugelay, J.-L.},
  Booktitle                = C_AFGR,
  Year                     = {2013},
  Pages                    = {1-6},
}

@Conference{Kose:ICASSP:2013,
  Title                    = {On the vulnerability of face recognition systems to spoofing mask attacks},
  Author                   = {Kose, N. and Dugelay, J.-L.},
  Booktitle                = C_ICASSP,
  Year                     = {2013},
  Pages                    = {2357-2361},
}

@Conference{Kose2013,
  Title                    = {Countermeasure for the protection of face recognition systems against mask attacks},
  Author                   = {Kose, N. and Dugelay, J.-L.},
  Booktitle                = C_AFGR,
  Year                     = {2013},
  Pages                    = {1-6},
}


@Conference{Maatta:IJCB:2011,
  Title                    = {Face spoofing detection from single images using micro-texture analysis},
  Author                   = {M\"{a}\"{a}tt\"{a}, J. and Hadid, A. and Pietik\"{a}inen, M.},
  Booktitle                = C_IJCB,
  Year                     = {2011},
  Pages                    = {1 -7},
}


@Conference{Pinto:SIBGRAPI:2012,
  Title                    = {Video-Based Face Spoofing Detection through Visual Rhythm Analysis},
  Author                   = {Pinto, Allan and Pedrini, Helio and Schwartz, William Robson and Rocha, Anderson},
  Booktitle                = C_SIBGRAPI,
  Year                     = {2012},
  pages     = {221--228},
}

@Conference{Schwartz:IJCB:2011,
  Title                    = {Face spoofing detection through partial least squares and low-level descriptors},
  Author                   = {Robson Schwartz, W. and Rocha, A. and Pedrini, H.},
  Booktitle                = C_IJCB,
  Year                     = {2011},
  Pages                    = {1 -8},
}



@Conference{Lee:ICASSP:2013,
  Title                    = {Liveness detection using frequency entropy of image sequences},
  Author                   = {Ting-Wei Lee and Gwo-Hwa Ju and Heng-Sung Liu and Yu-Shan Wu},
  Booktitle                = C_ICASSP,
  Year                     = {2013},
  Pages                    = {2367-2370},
}

%%% subreferences
@Conference{Zhang:ICCV:2005,
  Title                    = {Local Gabor binary pattern histogram sequence (LGBPHS): a novel non-statistical model for face representation and recognition},
  Author                   = {Wenchao Zhang and Shiguang Shan and Wen Gao and Xilin Chen and Hongming Zhang},
  Booktitle                = C_ICCV,
  Year                     = {2005},
  Pages                    = {786--791},
  Volume                   = {1},
}

@Conference{Gunther:ICANN:2012,
  Title                    = {Face Recognition with Disparity Corrected Gabor Phase Differences},
  Author                   = {G\"{u}nther, Manuel and Haufe, Dennis and W\"{u}rtz, Rolf P.},
  Booktitle                = C_ICANN,
  Year                     = {2012},
  Pages                    = {411--418},
}

@Article{Wiskott:TPAMI:1997,
  Title                    = {Face recognition by elastic bunch graph matching},
  Author                   = {Wiskott, L. and Fellous, J.-M. and Kuiger, N. and Von der Malsburg, C.},
  Journal                  = J_TPAMI,
  Year                     = {1997},
  Number                   = {7},
  Pages                    = {775-779},
  Volume                   = {19},
}

@InProceedings{Tan:ECCV:2010,
  Author                   = {Xiaoyang Tan and Yi Li and Jun Liu and Lin Jiang},
  Title                    = {Face Liveness Detection from a Single Image with Sparse Low Rank Bilinear Discriminative Model},
  Booktitle                = C_ECCV,
  Year                     = {2010},
  Pages                    = {504--517},
}

@article{Viola:IJCV:2001,
 author    = {Paul Viola and Michael Jones},
 title     = {Robust Real-time Object Detection},
 journal   = J_IJCV,
 volume    = {57},
 number    = {2},
 pages     = {137--154},
 year      = {2001},
}

@incollection{Yi:2014,
  author    = {Yi, Dong and Lei, Zhen and Zhang, Zhiwei and Li, StanZ.},
  booktitle = {Handbook of Biometric Anti-Spoofing},
  series    = {Advances in Computer Vision and Pattern Recognition},
  editor    = {Marcel, Sébastien and Nixon, Mark S. and Li, Stan Z.},
  title     = {Face Anti-spoofing: Multi-spectral Approach},
  publisher = {Springer London},
  pages     = {83--102},
  year      = {2014},
}


@InProceedings{Komulainen:ICB:2013,
  author={Komulainen, J. and Hadid, A. and Pietikainen, M. and Anjos, A. and Marcel, S.},
  booktitle={{Biometrics (ICB), 2013 International Conference on}},
  title={Complementary countermeasures for detecting scenic face spoofing attacks},
  year={2013},
  month={June},
  pages={1-7},
}
