@Book{Hyvrinen:NIS:2009,
  Title                    = {Natural Image Statistics: A Probabilistic Approach to Early Computational Vision},
  Author                   = {Hyvrinen, Aapo and Hurri, Jarmo and Hoyer, Patrick O.},
  Publisher                = {Springer Publishing Company, Incorporated},
  Year                     = {2009},
  Edition                  = {1st},
}


@InProceedings{Marcialis:ICIAP:2009,
  Title                    = {LivDet 2009 -- First International Fingerprint Liveness Detection Competition},
  Author                   = {Marcialis, Gian Luca and Lewicke, Aaron and Tan, Bozhao and Coli, Pietro and Grimberg, Dominic and Congiu, Alberto and Tidu, Alessandra and Roli, Fabio and Schuckers, Stephanie A. C.},
  Booktitle                = C_ICIAP,
  Year                     = {2009},
  Editor                   = {Foggia, Pasquale and Sansone, Carlo and Vento, Mario},
  Pages                    = {12-23},
  Publisher                = {Springer},
  Series                   = {Lecture Notes in Computer Science},
  Volume                   = {5716},
  url                      = {http://prag.diee.unica.it/LivDet09},
}

@InProceedings{Yambay:ICB:2012,
  Author                   = {Yambay, D. and Ghiani, L. and Denti, P. and Marcialis, G.L. and Roli, F. and Schuckers, S.},
  Title                    = {LivDet 2011 -- Fingerprint Liveness Detection Competition},
  Booktitle                = C_ICB,
  Year                     = {2012},
  Pages                    = {208--215},
  url                      = {http://people.clarkson.edu/projects/biosal/fingerprint/index.php},  
}



@InProceedings{Ghiani:ICB:2013, 
 author    = {Ghiani, L. and Yambay, D. and Mura, V. and Tocco, S. and Marcialis, G.L. and Roli, F. and Schuckcrs, S.}, 
 title     = {LivDet 2013 -- Fingerprint Liveness Detection Competition}, 
 booktitle = {International Conference on Biometrics (ICB)}, 
 year      = {2013}, 
 url       = {http://prag.diee.unica.it/fldc/}, 
 pages={1-6}, 
}

@InProceedings{Ghiani:BTAS:2013,
  Title                    = {Fingerprint Liveness Detection using Binarized Statistical Image Features},
  Author                   = {Ghiani, L. and Hadid, A. and Marcialis, G.L. and Roli, F.},
  Booktitle                = C_BTAS,
  Year                     = {2013},
  Pages                    = {1-6},
}

 
@Article{Galbally:FGCS:2012,
  Title                    = {A high performance fingerprint liveness detection method based on quality related features},
  Author                   = {Javier Galbally and Fernando Alonso-Fernandez and Julian Fierrez and Javier Ortega-Garcia},
  Journal                  = J_FGCS,
  Year                     = {2012},
  Number                   = {1},
  Pages                    = {311--321},
  Volume                   = {28}
}

@InProceedings{Galbally:BIDS:2009,
  Title                    = {Fingerprint liveness detection based on quality measures},
  Author                   = {Galbally, J. and Alonso-Fernandez, F. and Fierrez, J. and Ortega-Garcia, J.},
  Booktitle                = C_BIDS,
  Year                     = {2009},
  Pages                    = {1-8},
}

@Article{Galbally:TIP:2014,
  Title                    = {Image Quality Assessment for Fake Biometric Detection: Application to Iris, Fingerprint, and Face Recognition},
  Author                   = {Galbally, J. and Marcel, S. and Fierrez, J.},
  Journal                  = J_TIP,
  Year                     = {2014},
  Number                   = {2},
  Pages                    = {710-724},
  Volume                   = {23},
}


@InProceedings{Ghiani:ICPR:2012,
  Title                    = {Fingerprint liveness detection by local phase quantization},
  Author                   = {Ghiani, L. and Marcialis, G.L. and Roli, F.},
  Booktitle                = C_ICPR,
  Year                     = {2012},
  Pages                    = {537-540},
}

@InProceedings{Gragnaniello:BIOMS:2013,
  Title                    = {Fingerprint liveness detection based on Weber Local image Descriptor},
  Author                   = {Gragnaniello, D. and Poggi, G. and Sansone, C. and Verdoliva, L.},
  Booktitle                = W_BIOMS,
  Year                     = {2013},
  Pages                    = {46-50},
}

@InProceedings{Jia:ICB:2013,
  Title                    = {Multi-scale block local ternary patterns for fingerprints vitality detection},
  Author                   = {Xiaofei Jia and Xin Yang and Yali Zang and Ning Zhang and Ruwei Dai and Jie Tian and Jianmin Zhao},
  Booktitle                = C_ICB,
  Year                     = {2013},
  Pages                    = {1-6},
}

%%% subreferences
@InProceedings{Kannala:ICPR:2012,
  Title                    = {BSIF: Binarized statistical image features},
  Author                   = {Kannala, J. and Rahtu, E.},
  Booktitle                = C_ICPR,
  Year                     = {2012},
  Pages                    = {1363-1366},
}

@InProceedings{Ojansivu:ICPR:2008,
  Title                    = {Rotation invariant local phase quantization for blur insensitive texture analysis},
  Author                   = {Ojansivu, V. and Rahtu, E. and Heikkila, J.},
  Booktitle                = C_ICPR,
  Year                     = {2008},
  Pages                    = {1-4},
}
