%% iris spoofing

@InProceedings{Sequeira:VISAPP:2014,
  Title      = {Iris liveness detection methods in mobile applications},
  Author     = {Ana F. Sequeira and Juliano Murari and Jaime S. Cardoso},
  Booktitle  = C_VISAPP,
  Year       = {2014},
  pages      = {22--33}
}


@InProceedings{Sequeira:VISAPP:2014:base,
  author    = {A. F. Sequeira and J. Murari and J. S. Cardoso},
  title     = {{MobBIO} a multimodal database captured with a handheld device},
  booktitle = C_VISAPP,
  year      = {2014}, 
  pages     = {133--139},
}


@InProceedings{Sequeira:IJCNN:2014,
  author    = {A. F. Sequeira and J. Murari and J. S. Cardoso},
  title     = {Iris liveness detection methods in the mobile biometrics scenario},
  booktitle = C_IJCNN,
  year      = {2014}, 
  pages     = {1--6},
}

 author    = {A. F. Sequeira and J. C. Monteiro and H. P. Oliveira and J. S. Cardoso and D. Gragnaniello and C. Sansone and L. Verdoliva and R. Raghavendra and K. B. Raja and C. Busch and F. Alonso-Fernandez and J. Bigun and V. Kanhangad and P. Garg and P. Singh and Y. Hu and K. Sirlantzis and G. Howells and D. Menotti and G. Chiachia and A. X. Fal\c{a}o},

@InProceedings{Sequeira:IJCB:2014,
 author    = {A. F. Sequeira and J. C. Monteiro and H. P. Oliveira and J. S. Cardoso},
 title     = {{MobILive 2014 - Mobile Iris Liveness Detection Competition}},
 booktitle = C_IJCB,
 year      = {2014},
 note      = {accepted for publication},
 url       = {http://mobilive2014.inescporto.pt/},  
}



@InProceedings{Galbally:ICB:2012,
  Title                    = {Iris liveness detection based on quality related features},
  Author                   = {Galbally, J. and Ortiz-Lopez, J. and Fierrez, J. and Ortega-Garcia, J.},
  Booktitle                = C_ICB,
  Year                     = {2012},
  Pages                    = {271-276},
}




@Misc{LivDet:Iris:2013,
  author    = {S. Schuckers and K. Bowyer and A. C. and Yambay, D.},
  title     = {LivDet 2013 - Liveness Detection Iris Competition},
  year      = {2013}, 
  url       = {http://people.clarkson.edu/projects/biosal/iris/}
}



@InCollection{Ruiz-Albacete:BioID:2008,
 author    = {V. Ruiz-Albacete and P. Tome-Gonzalez and F. Alonso-Fernandez and J. Galbally and J. Fierrez and J. Ortega-Garcia},
 title     = {Direct Attacks Using Fake Images in Iris Verification},
 booktitle = {First European Workshop on Biometrics and Identity Management (BioID)},
 series    = {Lecture Notes in Computer Science},
 publisher = {Springer},
 volume    = {5372},
 year      = {2008},
 pages     = {181-190},
}


@InProceedings{Kohli:ICB:2013, 
 author    = {Kohli, N. and Yadav, D. and Vatsa, M. and Singh, R.}, 
 booktitle = C_ICB, 
 title     = {Revisiting iris recognition with color cosmetic contact lenses}, 
 year      = {2013}, 
 pages     = {1-7}, 
}


@Article{Yadav:TIFS:2014, 
 author  = {Yadav, D. and Kohli, N. and Doyle, J.S. and Singh, R. and Vatsa, M. and Bowyer, K.W.}, 
 journal = J_TIFS, 
 title   = {Unraveling the Effect of Textured Contact Lenses on Iris Recognition}, 
 volume  = {9}, 
 number  = {5}, 
 year    = {2014},   
 pages   = {851--862}, 
}



@Article{Bowyer:Computer:2014,
 author  = {Bowyer, Kevin W. and Doyle, James S.}, 
 journal = {Computer}, 
 title   = {Cosmetic Contact Lenses and Iris Recognition Spoofing}, 
 volume  = {47}, 
 number  = {5}, 
 year    = {2014},  
 pages   = {96--98}, 
}


@Article{Sun:TPAMI:2014, 
 author  = {Sun, Z. and Zhang, H. and Tan, T. and Wang, J.}, 
 journal = J_TPAMI, 
 title   = {Iris Image Classification Based on Hierarchical Visual Codebook}, 
 volume  = {36}, 
 number  = {6}, 
 year    = {2014}, 
 pages   = {1120-1133}, 
}


@InProceedings{Doyle:BTAS:2013, 
 author    = {Doyle, J.S. and Bowyer, K.W. and Flynn, P.J.}, 
 title     = {Variation in accuracy of textured contact lens detection based on sensor and lens pattern}, 
 booktitle = C_BTAS, 
 year      = {2013}, 
 pages     = {1-7}, 
}


@InProceedings{Huang:WACV:2013, 
 author    = {Xinyu Huang and Changpeng Ti and Qi-zhen Hou and Tokuta, A. and Ruigang Yang}, 
 title     = {An experimental study of pupil constriction for liveness detection}, 
 booktitle = {IEEE Workshop on Applications of Computer Vision (WACV)}, 
 year      = {2013},  
 pages     = {252--258}, 
}


@Article{Fierrez-Aguilar:2007,
 author  = {J. Fierrez-Aguilar and J. Ortega-garcia and D. Torre-toledano and J. Gonzalez-rodriguez},
 title   = {BioSec baseline corpus: A multimodal biometric database},
 journal = {Pattern Recognition},
 volume  = {40},
 year    = {2007},
 pages   = {1389--1392}
}


@InProceedings{Kathikeyan:ICCCA:2012, 
 author    = {Kathikeyan, T. and Sabarigiri, B.}, 
 title     = {Countermeasures against IRIS spoofing and liveness detection using Electroencephalogram (EEG)}, 
 booktitle = C_ICCCA, 
 year      = {2012}, 
 pages     = {1--5}, 
}


@InProceedings{Wei:2008, 
 author    = {Zhuoshi Wei and Xianchao Qiu and Zhenan Sun and Tieniu Tan}, 
 title     = {Counterfeit iris detection based on texture analysis}, 
 booktitle = C_ICPR, 
 year      = {2008}, 
 pages     = {1--4}, 
}


@InProceedings{Kanematsu:2007, 
 author    = {Kanematsu, M. and Takano, H. and Nakamura, K.}, 
 booktitle = {Annual Conference SICE}, 
 title     = {Highly reliable liveness detection method for iris recognition}, 
 year      = {2007}, 
 pages     = {361-364}, 
}


@InProceedings{Pacut:2006, 
 author    = {Pacut, A. and Czajka, A.}, 
 title     = {7}, 
 booktitle = {Annual IEEE International Carnahan Conferences Security Technology}, 
 year      = {2006},  
 pages     = {122-129}, 
}


@incollection{Lee:LNCS:2005,
 author    = {E. Lee and K. Park and J. Kim. },
 title     = {Fake iris detection by using purkinje image},
 booktitle = {Advances in Biometrics},
 series    = {Lecture Notes in Computer Science},
 publisher = {Springer},
 volume    = {3832},
 year      = {2005},
 pages     = {397--403},
}


% not found paper!
@InProceedings{Daugman:IBC:2004, 
 author    = {J. Daugman }, 
 title     = {Iris recognition and anti-spoofing countermeasures}, 
 booktitle = {International Biometrics Conference}, 
 year      = {2004},  
}
 pages     = {???-???}, 

@inbook{Daugman:1999,
  author    = {J. Daugman},
  chapter   = {Recognizing Persons by Their Iris Patterns}, 
  editor    = {Anil Jain and Ruud Bolle and Sharath Pankanti}, 
  title     = {Biometrics: Personal Identification in Networked Society}, 
  publisher = {Kluwer Academic Publishers},
  pages     = {103--121},
  year      = {1999},   
}

@InProceedings{Czajka:MMAR:2013,
  Title                    = {Database of iris printouts and its application: Development of liveness detection method for iris recognition},
  Author                   = {Czajka, A.},
  Booktitle                = C_ICMMAR,
  Year                     = {2013},
  Month                    = {Aug},
  Pages                    = {28-33},
}

@Article{Pudil:PRL:1994,
  Title                    = {Floating search methods in feature selection},
  Author                   = {P. Pudil and J. Novovi\v{c}ov\'a and J. Kittler},
  Journal                  = J_PRL,
  Year                     = {1994},
  Number                   = {11},
  Pages                    = {1119--1125},
  Volume                   = {15},
}



@INPROCEEDINGS{Rathgeb:ICPR:2010, 
 author    = {Rathgeb, C. and Uhl, A.}, 
 booktitle = {IEEE/IAPR International Conference on Pattern Recognition (ICPR)}, 
 title     = {Attacking Iris Recognition: An Efficient Hill-Climbing Technique}, 
 year      = {2010}, 
 pages     = {1217-1220}, 
}


@InProceedings{Rathgeb:CVPRW:2011, 
 author    = {Rathgeb, C. and Uhl, A.}, 
 title     = {Statistical attack against iris-biometric fuzzy commitment schemes}, 
 booktitle = {IEEE Computer Society Conference on Computer Vision and Pattern Recognition Workshops (CVPRW)}, 
 year      = {2011}, 
 pages     = {23-30}, 
}

@InProceedings{Anjos:IJCB:2011,
 author    = {Anjos, Andr{\'{e}} and Marcel, S{\'{e}}bastien},
 title     = {Counter-Measures to Photo Attacks in Face Recognition: a public database and a baseline},
 booktitle = {International Joint Conference on Biometrics 2011},
 year      = {2011},
 pages     = {1--7},
}


% out of context
@Article{Daugman:TPAMI:1993, 
 author  = {J.G. Daugman}, 
 title   = {High confidence visual recognition of persons by a test of statistical independence}, 
 journal = J_TPAMI, 
 volume  = {15}, 
 number  = {11}, 
 year    = {1993},
 pages   = {1148-1161}, 
}

@Article{Ma:TPAMI:2003, 
 author  = {Li Ma and Tieniu Tan and Yunhong Wang and Dexin Zhang}, 
 title   = {Personal identification based on iris texture analysis}, 
 journal = J_TPAMI, 
 volume  = {25}, 
 number  = {12}, 
 year    = {2003},  
 pages   = {1519--1533}, 
}

@incollection{Monteiro:CCIS:2014,
 author      = {J. C. Monteiro and A. F. Sequeira and H. P. Oliveira and J. S. Cardoso},
 title       = {Robust iris localisation in challenging scenarios},
 booktitle   = {CCIS Communications in Computer and Information Science},
 publisher   = {Springer-Verlag},
 year        = {2004},
}

@Misc{Doyle:2014:base,
  author    = {J. Doyle and K. W. Bowyer},
  title     = {Notre dame image dataset for contact lens detection in iris recognition},
  url       = {http://www3.nd.edu/~cvrl/CVRL/Data_Sets.html},
  note      = {last access on June 2014},
  year      = {2014}, 
}
