@String { C_ACMMM    = {ACM Conference on Multimedia Systems} }
@String { C_AFGR     = {{IEEE} Int. Conference and Workshops on Automatic Face and Gesture Recognition (FG)} }
@String { C_AVSS     = {{IEEE} Int. Conference on Advanced Video and Signal Based Surveillance (AVSS)} }
@String { C_BIDS     = {Int. Conference on Biometrics, Identity and Security (BIDS)} }
@String { C_BIOSIG   = {Int. Conference of the Biometrics Special Interest Group (BIOSIG)} }
@String { C_BMVC     = {British Machine Vision Conference (BMVC)} }
@String { C_BTAS     = {{IEEE} Int. Conference on Biometrics: Theory Applications and Systems (VISAPP)} }
@String { C_BTHI     = {Biometric Technology for Human Identification (BTHI)} }
@String { C_CAIP     = {Int. Conference on Computer Analysis of Images and Patterns (CAIP)} }
@String { C_CVPR     = {{IEEE} Int. Conference on Computer Vision and Pattern Recognition (CVPR)} }
@String { C_CVPRW    = {{IEEE} Computer Society Conference on Computer Vision and Pattern Recognition Workshops (CVPRW)} }
@String { C_DSP      = {Int. Conference on Digital Signal Processing (DSP)} }
@String { C_ECCV     = {European Conference on Computer Vision (ECCV)} }
@String { C_IASP     = {Int. Conference on Image Analysis and Signal Processing (IASP)} }
@String { C_ICANN    = {Int. Conference on Artificial Neural Networks and Machine Learning (ICANN)} }
@String { C_ICARCV   = {Int. Conference on Control Automation Robotics and Vision (ICARCV)} }
@String { C_ICASSP   = {{IEEE} Int. Conference on Acoustics, Speech, and Signal Processing (ICASSP)} }
@String { C_ICB      = {IAPR Int. Conference on Biometrics (ICB)} }
@String { C_ICCV     = {{IEEE} Int. Conference on Computer Vision (ICCV)} }
@String { C_ICCCA    = {Int. Conference on Computing, Communication and Applications (ICCA)} }
@String { C_ICIAP    = {Int. Conference on Image Analysis and Processing (ICIAP)} }
@String { C_ICIP     = {{IEEE} Int. Conference on Image Processing (ICIP} }
@String { C_ICISP    = {Int. Conference on Image and Signal Processing (ICISP)} }
@String { C_ICMC     = {Int. Conference on Multiple Classifier Systems (ICMC)} }
@String { C_ICMCS    = {Int. Conference on Multimedia Computing and Systems (ICMCS)} }
@String { C_ICML     = {Int. Conference on Machine Learning (ICML)} }
@String { C_ICMLC    = {Int. Conference on Machine Learning and Cybernetics (ICMLC)} }
@String { C_ICMMAR   = {Int. Conference on Methods and Models in Automation and Robotics (MMAR)} }
@String { C_ICPAIR   = {Int. Conference on Pattern Analysis and Intelligent Robotics (ICPAIR)} }
@String { C_ICPR     = {Int. Conference on Pattern Recognition (ICPR)} }
@String { C_IJCB     = {{IEEE} Int. Joint Conference on Biometrics (IJCB)} }
@String { C_IJCNN    = {International Joint Conference on Neural Network (IJCNN)}  }
@String { C_SIBGRAPI = {Conference on Graphics, Patterns and Images (SIBGRAPI)} }
@String { C_VISAPP   = {Int. Conference on Computer Vision Theory and Applications (VISAPP)} }
@String { J_ACMCS    = {ACM Comput. Surv.} }
@String { J_AES      = {{IEEE} Trans. Aerosp. Electron. Syst.} }
@String { J_C        = {J. Chemometrics} }
@String { J_CSDA     = {Computational Statistics \& Data Analysis} }
@String { J_CVIU     = {Computer Vision and Image Understanding} }
@String { J_FGCS     = {Future Generation Computer Systems} }
@String { J_IETB     = {IET Biometrics} }
@String { J_IJCV     = {Int. Journal of Computer Vision} }
@String { J_IVC      = {Image and Vision Computing} }
@String { J_JIVP     = {EURASIP Journal on Image and Video Processing} }
@String { J_ML       = {Machine Learning} }
@String { J_PIEEE    = {Proc. IEEE} }
@String { J_PLOS     = {PLoS Computational Biology} }
@String { J_PM       = {Philosophical Magazine} }
@String { J_PR       = {Pattern Recognition} }
@String { J_PRL      = {Pattern Recognition Letters} }
@String { J_SMC      = {{IEEE} Int. Conference on Systems, Man and Cybernetics} }
@String { J_TBCS     = {{IEEE} Trans. Biomed. Circuits Syst.} }
@String { J_TIFS     = {{IEEE} Trans. Inf. Forens. Security} }
@String { J_TIP      = {{IEEE} Trans. Image Process.} }
@String { J_TIST     = {ACM Trans. Intelligent Systems and Technology} }
@String { J_TPAMI    = {{IEEE} Trans. Pattern Anal. Mach. Intell.} }
@String { J_TS       = {Telecommunication Systems} }
@String { J_TSMC     = {{IEEE} Trans. Syst. Man Cybern.} }
@String { J_WIRECS   = {WIREs Comp. Stat.} }
@String { W_ACCV     = {ACCV Int. Workshops} }
@String { W_AIAT     = {{IEEE} Workshop on Automatic Identification Advanced Technologies} }
@String { W_BF       = {Int. Workshop on Biometrics and Forensics } }
@String { W_BIOMS    = {{IEEE} Workshop on Biometric Measurements and Systems for Security and Medical Applications} }


%% deeplearning
@InBook{Jain:2008,
 author    = {A. K. Jain and A. Ross},
 title     = {Handbook of Biometrics},
 chapter   = {Introduction to biometrics},
 publisher = {Springer},
 year      = {2008},
 pages     = {1--22}
}


@InBook{Adler:2008,
 author    = {A. Adler},
 title     = {Handbook of Biometrics},
 chapter   = {Biometric System Security},
 publisher = {Springer},
 year      = {2008},
}
 pages = {???--???}


@article{Hinton:2006,
 author  = {G. E. Hinton and R. R. Salakhutdinov},
 title   = {Reducing the Dimensionality of Data with Neural Networks},
 journal = {Science},
 volume  = {313},
 number  = {5786},
 year    = {2016},
 pages   = {504--507}
}


@article{Hinton:2007,
 author  = {G. E. Hinton},
 title   = {Learning Multiple Layers of Representation},
 journal = {Trends in Cognitive Systems},
 volume  = {11},
 number  = {10},
 year    = {2007},
 pages   = {428--434}
}

@Inproceedings{Zeiler:2014,
  author={Zeiler, MatthewD. and Fergus, Rob},
  title={Visualizing and Understanding Convolutional Networks},
  booktitle = C_ECCV,
  year={2014},
}


@Inproceedings{Simonyan:2014,
  author    = {K. Simonyan and A. Zisserman},
  title     = {{Very Deep Convolutional Networks for Large-Scale Image Recognition}},
  booktitle = {arXiv technical report},
  year      = {2014},
}


@Inproceedings{Saxe:2011,
  author    = {Andrew M. Saxe and Pang Wei Koh and Zhenghao Chen and Maneesh Bhand and Bipin Suresh and Andrew Y. Ng},
  title     = {{On Random Weights and Unsupervised Feature Learning}},
  booktitle = {Advances in Neural Information Processing Systems (NIPS)},
  year      = {2011},
}


@ARTICLE{Bengio:2013, 
 author  = {Bengio, Y. and Courville, A. and Vincent, P.}, 
 title   = {Representation Learning: A Review and New Perspectives}, 
 journal = {Pattern Analysis and Machine Intelligence, IEEE Transactions on}, 
 year    = {2013}, 
 volume  = {35}, 
 number  = {8}, 
 pages={1798-1828}, 
}


@InProceedings{Jarrett:2009,
 author    = {Jarrett, Kevin and Kavukcuoglu, Koray and Ranzato, Marc'Aurelio and LeCun, Yann},
 title     = {{What is the Best Multi-Stage Architecture for Object Recognition?}},
 booktitle = {IEEE International Conference on Computer Vision},
 year      = {2009},
 pages     = {2146-2153},
}


@InProceedings{Coates:2011,
 author    = {A. Coates and A. Ng},
 title     = {{The Importance of Encoding Versus Training with Sparse Coding and Vector Quantization}},
 booktitle = {International Conference on Machine Learning (ICML)},
 year      = {2011},
 pages     = {921--928},  
}

@Inproceedings{Krizhevsky:2012,
  author    = {Krizhevsky, A. and Sutskever, I. and Hinton, G. E},
  title     = {{ImageNet Classification with Deep Convolutional Neural Networks}},
  booktitle = {Advances in Neural Information Processing Systems (NIPS)},
  year      = {2012},
}


@misc{Wardern:2014,
  author = {Pete Wardern},
  title  = {{The SDK for Jetpac's iOS Deep Belief image recognition framework}},
  url    = {https://github.com/jetpacapp/DeepBeliefSDK},
  year   = {2014},
}

@misc{Benenson:cifar10,
  author = {Rodrigo Benenson},
  title  = {Classification datasets results (What is the class of this image?): Discover the current state of the art in objects classification},
  url    = {http://rodrigob.github.io/are_we_there_yet/build/classification_datasets_results.html#43494641522d3130},
  year   = {2013-2014}
}

@misc{Krizhevsky:Methodology:2012,
  author = {Alex Krizhevsky},
  title  = {Cuda-convnet: Methodology for training, how to obtain good performance?},
  url    = {https://code.google.com/p/cuda-convnet/wiki/Methodology},
  year   = {2012},
}

@misc{Krizhevsky:cuda-convnet:2012,
  author = {Alex Krizhevsky},
  title  = {cuda-convnet: High-performance C++/CUDA implementation of convolutional neural networks},
  url    = {https://code.google.com/p/cuda-convnet/},
  year   = {2012},
}

@Article{LeCun:1998,
 author   = {Y. LeCun and L. Bottou and Y. Bengio and P. Haffner},
 title    = {Gradient-based learning applied to document recognition},
 journal  = {Proceedings of the IEEE},
 year     = {1998},
 volume   = {86},
 number   = {11},
 pages    = {2278--2324},
}

@InProceedings{Coates:2013,
 author    = {A. Coates and B. Huval and T. Wang and D. J. Wu and A. Y. Ng and B. Catanzaro},
 title     = {{Deep Learning with COTS HPC}},
 booktitle = {International Conference on Machine Learning (ICML)},
 year      = {2013},
 pages     = {1337--1345}
}


@ARTICLE{Farabet:2013, 
 author  = {C. Farabet and C. Couprie and L. Najman and Y. LeCun}, 
 title   = {Learning Hierarchical Features for Scene Labeling}, 
 journal = {IEEE Transactions on Pattern Analysis and Machine Intelligence}, 
 year    = {2013}, 
 volume  = {35}, 
 number  = {8}, 
}

@inproceedings{Taigman:2014,
 author    = {Y. Taigman and M. Yang and M.'A. Ranzato and L. Wolf},
 title     = {DeepFace: Closing the Gap to Human-Level Performance in Face Verification},
 booktitle = {IEEE International Conference on Computer Vision and Pattern Recognition},
 year      = {2014},  
}

@inproceedings{Le.Quoc:2012,
 author    = {Q. Le and M.'A. Ranzato and R. Monga and M. Devin and K. Chen and G. Corrado and J. Dean and A. Y. Ng},
 title     = {Building high-level features using large scale unsupervised learning},
 booktitle = {International Conference in Machine Learning},
 year      = {2012},
 pages     = {1--11},
}



@article{Chang:2011,
 author  = "C.-C. Chang and C.-J. Lin.",
 title   = "{LIBSVM}: a library for support vector machines", 
 journal = "ACM Transactions on Intelligent Systems and Technology", 
 volume  = "2",
 number  = "3",
 year    = "2011",
 pages   = "1--27",
}



@article{Cortes_Vapnik:1995,
 author  = {C. Cortes and V. N. Vapnik},
 title   = {Support-Vector Networks}, 
 journal = {Machine Learning}, 
 volume  = {20},
 number  = {3},
 year    = {1995},
 pages   = {273--297},
}



@Article{Geisler:1992,
 author  = {Wilson S. Geisler and Duane G. Albrecht},
 title   = {Cortical neurons: Isolation of contrast gain control},
 journal = {Vision Research},
 volume  = {32},
 number  = {8},
 year    = {1992},
 pages   = {1409--1410},
}


@article{Ciresan:2010,
 author  = {D. C. Ciresan and U. Meier and L. M. Gambardella and J. Schmidhuber },
 title   = {Deep Big Simple Neural Nets For Handwritten Digit Recognition},
 journal = {Neural Computation},
 volume  = {22},
 number  = {12},
 year    = {2010},
 pages   = {3207--3220}
}


@ARTICLE{Ciresan:2012, 
 author  = {D. Ciresan and U. Meier and J. Masci and J. Schmidhuber}, 
 title   = {Multi-column deep neural network for traffic sign classification}, 
 journal = {Neural Networks}, 
 year    = {2012}, 
 volume  = {20}, 
 number  = {1}, 
}

@InProceedings{Ouyang:2014, 
 author    = {J. Ouyang and X. Wang}, 
 title     = {Joint Deep Learning for Pedestrian Detection}, 
 booktitle = {International Conference on Computer Vision (ICCV)}, 
 year      = {2014}, 
}



@Inproceedings{Bergstra:2011,
  author    = {Bergstra, J. and Bardenet, R. and Bengio, Y. and K\'egl, B.},
  title     = {{Algorithms for hyper-parameter optimization.}},
  booktitle = {Advances in Neural Information Processing Systems (NIPS)},
  year      = {2011},
 pages      = {2546--2554}
}

@Article{Galbally:DATABASE:2007,
 author  = {Javier Galbally and Julian Fierrez and Javier Ortega-garcia},
 title   = {Vulnerabilities in Biometric Systems: Attacks and Recent Advances in Liveness Detection},
 journal = {Database},
 volume  = {1},
 number  = {3},
 year    = {2007},
 pages   = {1--8},
 note    = {available at \url{http://atvs.ii.uam.es/files/2007_SWB_VulnerabilitiesRecentAdvances_Galbally.pdf}},
}

@InProceedings{Ratha:AVBPA:2001,
 author    = {Ratha, Nalini K. and Connell, Jonathan H. and Bolle, Ruud M.},
 title     = {An Analysis of Minutiae Matching Strength},
 booktitle = {International Conference on Audio-and Video-Based Biometric Person Authentication},
 year      = {2001},
 pages     = {223--228},
} 

@InProceedings{Ojansivu:ISP:2008,
  Title                    = {Blur Insensitive Texture Classification Using Local Phase Quantization},
  Author                   = {Ojansivu, Ville and Heikkil\"{a}, Janne},
  Booktitle                = C_ICISP,
  Year                     = {2008},
  Pages                    = {236--243},
}

@ARTICLE{Ojala:TPAMI_2002, 
 author  = {Ojala, T. and Pietikainen, M. and Maenpaa, T.}, 
 title   = {Multiresolution gray-scale and rotation invariant texture classification with local binary patterns}, 
 journal = J_TPAMI, 
 year    = {2002}, 
 volume  = {24}, 
 number  = {7}, 
 pages   = {971--987}, 
}


@InProceedings{Zhang:ICIP:2012,
  Author                   = {Z. Z. L. Zhang and H. Li. },
  Title                    = {Binary gabor pattern: an efficient and robust descriptor for texture classification. },
  Booktitle                = C_ICIP,
  Year                     = {2012},
  Pages                    = {81--84},
}

@inproceedings{Menotti:2014b,
  author    = {David Menotti and Giovani Chiachia and Vantuil Jos{\'e} Oliviera-Neto and Alexandre Xavier Falc{\~a}o},
  title     = {Vehicle License Plate Recognition with Random Convolutional Networks},
  booktitle = C_SIBGRAPI,
  year      = {2014},  
  note      = {accepted}
}


@InProceedings{Bergstra:SCIPY:2010,
 author    = {Bergstra, James and Breuleux, Olivier and Bastien, Fr{\'{e}}d{\'{e}}ric and Lamblin, Pascal and Pascanu, Razvan and Desjardins, Guillaume and Turian, Joseph and Warde-Farley, David and Bengio, Yoshua},
 title     = {Theano: a {CPU} and {GPU} Math Expression Compiler},
 booktitle = {The Python for Scientific Computing Conference ({SciPy})},
 year      = {2010},
}

@Article{Bergstra:2012,
 author    = {James Bergstra and Yoshua Bengio},
 title     = {Random Search for Hyper-Parameter Optimization},
 journal   = {Journal of Machine Learning Research},
 volume    = {13},
 year      = {2012},
 pages     = {281--305},
}


@InProceedings{Bergstra:2013,
  author    = {James Bergstra and Dan Yamins and David D. Cox},
  title     = {{Making a Science of Model Search: Hyperparameter Optimization in Hundreds of Dimensions for Vision Architectures}},
  booktitle = {International Conference on Machine Learning},
  year      = {2013},
}

@misc{Bergstra:2013b,
  author    = {James Bergstra and D. Tamins and N. Pinto},
  title     = {Hyperparameter optimization for convolutional vision architecture},
  url       = {https://github.com/hyperopt/hyperopt-convnet},
  year      = {2013},
}

@misc{Chiachia:2014b,
  author    = {Giovani Chiachia},
  title     = {{Hyperparameter Optimization made Simple}},
  url       = {https://github.com/giovanichiachia/simple-hp},
  year      = {2014},
}

@InCollection{Ross:HM:2006,
  Title                    = {Score Level Fusion},
  Author                   = {Arun A. Ross and Karthik Nandakumar and Anil K. Jain},
  Booktitle                = {Handbook of Multibiometrics},
  Publisher                = {Springer US},
  Year                     = {2006},
  Pages                    = {91-142},
  Series                   = {International Series on Biometrics},
  Volume                   = {6}
}

