%IEEE Journals
%aerospace and military
@STRING{IEEE_J_AES        = "{IEEE} Trans. Aerosp. Electron. Syst."}
%author={William Robson Schwartz and Ricardo Dutra {da Silva} and Larry S Davis and Helio Pedrini},
%author = {B. Peixoto and C. Michelassi and A. Rocha},
@STRING{ECCV = {European Conference on Computer Vision}}
@STRING{ICCV = {IEEE Intl. Conference on Computer Vision}}
@STRING{CVPR = {IEEE Intl. Conference on Computer Vision and Pattern Recognition}}
@STRING{CVPRW = {IEEE Computer Vision and Pattern Recognition Workshops}}
@STRING{TPAMI = {IEEE Trans. on Pattern Analysis and Machine Intelligence}}
@STRING{ICIP = {IEEE Intl. Conference on Image Processing}}
@STRING{CVIU = {Elsevier Computer Vision and Image Understanding}}
@STRING{SMC = {IEEE Intl. Conference on Systems, Man and Cybernetics}}
@STRING{IVC = {Elsevier Image and Vision Computing}}
@STRING{ICMLC = {IEEE Intl. Conference on Machine Learning and Cybernetics}}
@STRING{IASP = {IEEE Intl. Conference on Image Analysis and Signal Processing}}
@STRING{TSMC = {IEEE Trans. on Systems, Man, and Cybernetics}}
@STRING{TBCS = {IEEE Trans. on Biomedical Circuits and Systems}}
@STRING{TIFS = {IEEE Trans. on Information Forensics and Security}}
@STRING{AutoID = {IEEE Workshop on Automatic Identification Advanced Technologies}}
@STRING{CSDA = {Elsevier Computational Statistics \& Data Analysis}}
@STRING{AVSS = {IEEE Intl. Conference on Advanced Video and Signal Based Surveillance}}
@STRING{IJCV = {Intl. Journal of Computer Vision}}
@STRING{TIST = {ACM Transactions on Intelligent Systems and Technology}}
@STRING{IJCB = {Intl. Joint Conference on Biometrics}}
@STRING{ICPAIR = {Intl. Conference on Pattern Analysis and Intelligent Robotics}}
@STRING{SIBGRAPI = {Conference on Graphics, Patterns and Images}}
@STRING{ICMCS = {IEEE Intl. Conference on Multimedia Computing and Systems}}
@STRING{ICPR = {Intl. Conference on Pattern Recognition}}

@STRING{IASP = {IEEE Intl. Conference on Image Analysis and Signal Processing}}, 
@STRING{ICARCV = {IEE Intl. Conference on Control Automation Robotics and Vision}},
@STRING{ICB ={IAPR Intl. Conference on Biometrics}}
@STRING{BTAS = {IEEE Intl. Conference on Biometrics: Theory Applications and Systems}}
@STRING{BIOSEG = {Intl. Conference of the Biometrics Special Interest Group}}
@STRING{ICMC = {Intl. Conference on Multiple Classifier Systems}}

@techreport{Buhan:CTITUT:2005,
          eprintid = {722},
            number = {TR-CTIT-05-41},
             month = {September},
              issn = {1381-3625},
            author = {I. R. {Buhan} and P. H. {Hartel}},
           address = {Enschede},
         publisher = {Centre for Telematics and Information Technology University of Twente},
       eprint_note = {Imported from DIES},
   research_groups = {EWI-DIES: Distributed and Embedded Security},
          refereed = {No},
  research_programs = {CTIT-ISTRICE: Integrated Security and Privacy in a Networked World},
             title = {The state of the art in abuse of biometrics},
              type = {Technical Report},
  research_projects = {Secure Grip},
       institution = {Centre for Telematics and Information Technology University of Twente},
              year = {2005}
}

@inproceedings{Pan:ICCV:2007, 
author={Gang Pan and Lin Sun and Zhaohui Wu and Shihong Lao}, 
booktitle=ICCV,
title={Eyeblink-based Anti-Spoofing in Face Recognition from a Generic Webcamera}, 
year={2007}, 
month={oct.}, 
volume={}, 
number={}, 
pages={1 -8}, 
keywords={adaptive boosting algorithm;blink detection;cascaded Adaboost;eyeblink-based antispoofing;face recognition;generic Webcamera;real-time liveness detection approach;undirected conditional graphical framework;face recognition;hidden Markov models;object detection;}, 
ISSN={1550-5499},}

@inproceedings{Li:ICMLC:2008, 
author={Jiang-Wei Li}, 
booktitle=ICMLC,
title={Eye blink detection based on multiple Gabor response waves}, 
year={2008}, 
month={july}, 
volume={5}, 
number={}, 
pages={2852 -2856}, 
keywords={Gabor decomposition;Gabor response wave;eye blink detection;eye image;face recognition;liveness detection;multiorientation Gabor response;multiscale Gabor response;probable blinking signal;pulse segmentation;reshaped pulse;signal analysis;union to the intersection;eye;face recognition;object detection;}, 
ISSN={},}

@article{Pan:TS:2011,
year={2011},
issn={1018-4864},
journal={Telecommunication Systems},
volume={47},
issue={3-4},
title={Monocular camera-based face liveness detection by combining eyeblink and scene context},
publisher={Springer US},
keywords={Face recognition; Liveness detection; Face spoofing; Video-replay attack},
author={Pan, Gang and Sun, Lin and Wu, Zhaohui and Wang, Yueming},
pages={215-225},
language={English}
}

@inproceedings{Xu:ICIP:2008, 
author={Cui Xu and Ying Zheng and Zengfu Wang}, 
booktitle=ICIP,
title={Eye states detection by boosting Local Binary Pattern Histogram features}, 
year={2008}, 
month={oct.}, 
volume={}, 
number={}, 
pages={1480--1483}, 
keywords={AdaBoost learning;appearance based binary classification problem;eye states detection;feature extraction;local binary pattern histogram features boosting;reference templates;feature extraction;image classification;object detection;}, 
ISSN={1522-4880},}

@inproceedings{Bestagini:2013, 
author={P. Bestagini and M. Visentini-Scarzanella and M. Tagliasacchi and P.L. Dragotti and S. Tubaro}, 
booktitle=ICIP,
title={Video recapture detection based on ghosting artifact analysis}, 
year={2013}, 
pages={--}, 
}


@article{Kollreider:IVC:2009,
author = {K. Kollreider and H. Fronthaler and J. Bigun},
title = {Non-intrusive liveness detection by face images},
journal = {Image and Vision Computing},
volume = {27},
number = {3},
pages = {233--244},
year = {2009},
keywords = {Face liveness; Liveness detection; Anti-spoofing measures; Optical flow; Motion of lines;
Optical flow of lines; Orientation estimation; Face part models; Retinotopic vision; Local Gabor decomposition; Support vector machine classification;},
}


@inproceedings{Li:BTHI:2004,
author = {Li, Jiangwei and Wang, Yunhong and Tan, Tieniu and Jain, Anil K.},
booktitle={Biometric Technology for Human Identification},
title = {Live face detection based on the analysis of Fourier spectra},
volume = {},
number = {},
pages = {296--303},
year = {2004},
}


@inproceedings{Bao:ICIASP:2009, 
author={Wei Bao and Hong Li and Nan Li and Wei Jiang}, 
booktitle=IASP,
title={A liveness detection method for face recognition based on optical flow field}, 
year={2009}, 
month={april}, 
volume={}, 
number={}, 
pages={233--236}, 
keywords={anti-spoofing;face recognition;liveness detection method;optical flow field;face recognition;image sequences;object detection;}, 
ISSN={},}

@inproceedings{Yan:ICARCV:2012, 
author={Junjie Yan and Zhiwei Zhang and Zhen Lei and Dong Yi and Stan Z. Li}, 
booktitle=ICARCV,
title={Face Liveness Detection by Exploring Multiple Scenic Clues}, 
year={2012}, 
month={dec}, 
volume={}, 
number={}, 
pages={}, 
keywords={}, 
ISSN={},}



@inproceedings{Tronci:IJCB:2011, 
author={Tronci, R. and Muntoni, D. and Fadda, G. and Pili, M. and Sirena, N. and Murgia, G. and Ristori, M. and Roli, F.}, 
booktitle=IJCB, 
title={Fusion of multiple clues for photo-attack detection in face recognition systems}, 
year={2011}, 
month={oct.}, 
volume={}, 
number={}, 
pages={1 -6}, 
keywords={2D face spoofing attacks;authentication session;face movements;face recognition systems;multiple clue fusion;photo attack detection;robust classification;static analysis;video analysis;authorisation;face recognition;image classification;image fusion;video signal processing;}, 
ISSN={},}

@inproceedings{Tan:ECCV:2010,
author = {Tan, Xiaoyang and Li, Yi and Liu, Jun and Jiang, Lin},
title = {Face liveness detection from a single image with sparse low rank bilinear discriminative model},
booktitle = ECCV,
year = {2010},
isbn = {3-642-15566-9, 978-3-642-15566-6},
pages = {504--517},
numpages = {14},
}

@inproceedings{Peixoto:ICIP:2011, 
author={Peixoto, B. and Michelassi, C. and Rocha, A.}, 
booktitle=ICIP, 
title={Face liveness detection under bad illumination conditions}, 
year={2011}, 
month={sept.}, 
volume={}, 
number={}, 
pages={3557 -3560}, 
keywords={LCD displayed photographs;bad illumination conditions;biometric system;face liveness detection;face recognition systems;laptop monitor;printed photograph;face recognition;}, 
ISSN={1522-4880},}


@inproceedings{Maatta:IJCB:2011, 
author={ M\"{a}\"{a}tt\"{a}, J. and Hadid, A. and Pietik\"{a}inen, M.}, 
booktitle=IJCB,
title={Face spoofing detection from single images using micro-texture analysis}, 
year={2011}, 
month={oct.}, 
volume={}, 
number={}, 
pages={1 -7}, 
keywords={face biometric systems;face recognition;face spoofing detection;illegitimate access;image quality assessment;microtexture analysis;multiscale local binary patterns;printing artifact characterization;printing artifacts;spoofing attacks;face recognition;image texture;object detection;security of data;}, 
ISSN={},}

@article{Maatta:IET:2012, 
author={Maatta, J. and Hadid, A. and Pietikainen, M.}, 
journal={IET Biometrics}, 
title={Face spoofing detection from single images using texture and local shape analysis}, 
year={2012}, 
month={march}, 
volume={1}, 
number={1}, 
pages={3 -10}, 
keywords={face biometric systems;face spoofing detection;facial image analysis;fast linear classification scheme;image quality assessment;light reflection;local shape analysis;low-level feature descriptors;printing artefact characterisation;printing quality defects;score level fusion;spoofing attacks;texture analysis;biometrics (access control);face recognition;image classification;image texture;}, 
ISSN={2047-4938},}

@inproceedings{Schwartz:IJCB:2011, 
author={Robson Schwartz, W. and Rocha, A. and Pedrini, H.}, 
booktitle=IJCB, 
title={Face spoofing detection through partial least squares and low-level descriptors}, 
year={2011}, 
month={oct.}, 
volume={}, 
number={}, 
pages={1 -8}, 
keywords={, face recognition techniques;access control;authentication reliability;crime solving;face spoofing detection;law enforcement;low-level descriptors;partial least squares;personal identity verification;security surveillance;authorisation;face recognition;fingerprint identification;iris recognition;}, 
ISSN={},}

@inproceedings{Kim:ICB:2012, 
author={Gahyun Kim and Sungmin Eum and Jae Kyu Suhr and Dong Ik Kim and Kang Ryoung Park and Jaihie Kim}, 
booktitle=ICB, 
title={Face liveness detection based on texture and frequency analyses}, 
year={2012}, 
month={29 2012-april 1}, 
volume={}, 
number={}, 
pages={67 -72}, 
keywords={2D paper mask discrimination;LBP;Web camera;automated teller machine;frequency analyses;frequency information;liveness detectors;local binary pattern;power spectrum;single image-based face liveness detection method;still images;texture analyses;texture information;automatic teller machines;cameras;face recognition;frequency-domain analysis;image texture;}, 
ISSN={},}


@inproceedings{Anjos:IJCB:2011, 
author={Anjos, A. and Marcel, S.}, 
booktitle=IJCB, 
title={Counter-measures to photo attacks in face recognition: A public database and a baseline}, 
year={2011}, 
month={oct.}, 
volume={}, 
number={}, 
pages={1 -7}, 
keywords={PRINT-ATTACK database;by-pass 2D face recognition;correlation detection;motion-based algorithm;person head movement;photo attack;printed photograph;protocols;public database;spoofed identities;spoofing detector;correlation methods;face recognition;image motion analysis;protocols;visual databases;}, 
ISSN={},}

@inproceedings{Zhang:ICB:2012, 
author={Zhiwei Zhang and Junjie Yan and Sifei Liu and Zhen Lei and Dong Yi and Li, S.Z.}, 
booktitle=ICB, 
title={A face antispoofing database with diverse attacks}, 
year={2012}, 
month={29 2012-april 1}, 
volume={}, 
number={}, 
pages={26 -31}, 
keywords={baseline algorithm;cut photo attack;diverse attacks;face antispoofing database;face biometrics reliability;fake face attacks;genuine faces;high quality;low quality;normal quality;potential attack variations;test protocol;video attack;warped photo attack;face recognition;image coding;visual databases;}, 
ISSN={},}

@inproceedings{Chingovska:BIOSEG:2012, 
author={Chingovska, I. and Anjos, A. and Marcel, S.}, 
booktitle=BIOSEG, 
title={On the effectiveness of local binary patterns in face anti-spoofing}, 
year={2012}, 
month={sept.}, 
volume={}, 
number={}, 
pages={1 -7}, 
keywords={LBP;REPLAY-ATTACK;biometric evidence;biometric modality;biometric recognition system;electronic screen;face antispoofing;face recognition;face spoofing attack detection;face spooling database;local binary pattern;printed photograph;security trait;texture feature;video processing;biometrics (access control);digital photography;face recognition;image texture;screens (display);video signal processing;visual databases;}, 
ISSN={1617-5468},}



@inproceedings{Kahm:BIOSEG:2012, 
author={Kahm, O. and Damer, N.}, 
booktitle=BIOSEG,
title={2D face liveness detection: An overview}, 
year={2012}, 
month={sept.}, 
volume={}, 
number={}, 
pages={1 -12}, 
keywords={2D face liveness detection algorithm;2D images;biometric approach;face recognition;liveness indicator;spoof attacks;face recognition;security of data;}, 
ISSN={1617-5468},}

@inbook{Pan_2008,
	Author = {G. Pan and Z. Wu and L. Sun},
	Publisher = {InTech},
	Title = {Recent Advances in Face Recognition},
	Chapter = {Liveness detection for face recognition},
	Year = {2008},
	pages = {235--252},
}


@inproceedings{Marsico:ICB:2012, 
author={De Marsico, M. and Nappi, M. and Riccio, D. and Dugelay, J.}, 
booktitle=ICB,
title={Moving face spoofing detection via 3D projective invariants}, 
year={2012}, 
month={29 2012-april 1}, 
volume={}, 
number={}, 
pages={73 -78}, 
keywords={3D face estimation;3D projective invariants;face recognition;geometric invariants;moving face spoofing detection;replay attack detection;computational geometry;face recognition;object detection;security of data;}, 
ISSN={},}

@inproceedings{Rodrigues:BTAS:2010, 
author={Rodrigues, R.N. and Kamat, N. and Govindaraju, V.}, 
booktitle=BTAS,
title={Evaluation of biometric spoofing in a multimodal system}, 
year={2010}, 
month={sept.}, 
volume={}, 
number={}, 
pages={1 -5}, 
keywords={biometric spoofing;higher security;multimodal biometric systems;spoof attack scenarios;biometrics (access control);image recognition;security of data;}, 
ISSN={},}

@inproceedings{Biggio:IJCB:2011, 
author={Biggio, B. and Akthar, Z. and Fumera, G. and Marcialis, G.L. and Roli, F.}, 
booktitle=BTAS,
title={Robustness of multi-modal biometric verification systems under realistic spoofing attacks}, 
year={2011}, 
month={oct.}, 
volume={}, 
number={}, 
pages={1 -6}, 
keywords={face biometrics;fingerprint biometrics;multimodal biometric verification system;realistic spoofing attack;worst case attack hypothesis;face recognition;fingerprint identification;}, 
ISSN={},}

@inproceedings{Marasco:ICMCS:2011,
author = {Marasco, Emanuela and Johnson, Peter and Sansone, Carlo and Schuckers, Stephanie},
title = {Increase the security of multibiometric systems by incorporating a spoofing detection algorithm in the fusion mechanism},
booktitle = ICMC,
year = {2011},
isbn = {978-3-642-21556-8},
pages = {309--318},
numpages = {10},
acmid = {2040940},
}

@inproceedings{Akhtar:BTAS:2012, 
author={Akhtar, Zahid and Fumera, Giorgio and Marcialis, Gian Luca and Roli, Fabio}, 
booktitle=BTAS,
title={Evaluation of serial and parallel multibiometric systems under spoofing attacks}, 
year={2012}, 
month={sept.}, 
pages={283 -288}, 
}

@inproceedings{Akhtar:ICIAP:2011,
 author = {Akhtar, Zahid and Fumera, Giorgio and Marcialis, Gian Luca and Roli, Fabio},
 title = {Robustness evaluation of biometric systems under spoof attacks},
 booktitle = {Intl. Conference on Image Analysis and Processing},
 year = {2011},
 isbn = {978-3-642-24084-3},
 pages = {159--168},
 numpages = {10},
}

@article{Biggio:IET:2012, 
author={Biggio, B. and Akhtar, Z. and Fumera, G. and Marcialis, G.L. and Roli, F.}, 
journal={IET Biometrics}, 
title={Security evaluation of biometric authentication systems under real spoofing attacks}, 
year={2012}, 
month={march }, 
volume={1}, 
number={1}, 
pages={11 -24}, 
keywords={biometric authentication system;biometric traits;face biometrics;fake scores;fingerprint biometrics;genuine scores;multimodal biometric system;multimodal verification system;real spoofing attacks;robust fusion rules;score fusion rules;security evaluation;unimodal system;worst-case scenario;face recognition;fingerprint identification;security of data;}, 
ISSN={2047-4938},}

@article{Haralick:TSMC:1973, 
author={Haralick, Robert M. and Shanmugam, K. and Dinstein, Its'Hak}, 
journal=TSMC,
title={Textural Features for Image Classification}, 
year={1973}, 
month={nov. }, 
volume={SMC-3}, 
number={6}, 
pages={610 -621}, 
keywords={}, 
ISSN={0018-9472},}

@article{Ojala:TPAMI:2002, 
author={Ojala, T. and Pietikainen, M. and Maenpaa, T.}, 
journal=TPAMI, 
title={Multiresolution gray-scale and rotation invariant texture classification with local binary patterns}, 
year={2002}, 
month={jul}, 
volume={24}, 
number={7}, 
pages={971 -987}, 
keywords={angular space;computational simplicity;gray-scale variations;local binary patterns;local image texture;multiresolution analysis;multiresolution gray-scale texture classification;nonparametric discrimination;occurrence histogram;prototype distributions;rotation invariant texture classification;sample distributions;spatial resolution;uniform patterns;image classification;image texture;invariance;nonparametric statistics;}, 
ISSN={0162-8828},}


@book{Jain:2010:HB:1952072,
 author = {Jain, Anil K. and Flynn, Patrick and Ross, Arun A.},
 title = {Handbook of Biometrics},
 year = {2010},
 isbn = {1441943757, 9781441943750},
 edition = {1st},
 publisher = {Springer Publishing Company, Incorporated},}


@inbook{Jain:HB:2008,
author = {A. K. Jain and A. Ross},
publisher = {Springer},
title = {{Handbook of Biometrics}},
chapter = {Introduction to Biometrics},
year = {2008},
pages = {1--22},}

@inbook{Nixon:HB:2008,
author = {K. Nixon and V. Aimale R. Rowe},
chapter = {{Spoof Detection Schemes}},
title = {Handbook of Biometrics},
publisher = {Springer},
keyword = {Computer Science},
year = {2008},}

@inproceedings{Viola:ICIP:2001, 
author={Viola, P. and Jones, M.}, 
booktitle=CVPR,
title={Rapid object detection using a boosted cascade of simple features}, 
year={2001}, 
month={}, 
volume={1}, 
number={}, 
pages={ I-511 - I-518 vol.1}, 
keywords={ AdaBoost; background regions; boosted simple feature cascade; classifiers; face detection; image processing; image representation; integral image; machine learning; object specific focus-of-attention mechanism; rapid object detection; real-time applications; statistical guarantees; visual object detection; feature extraction; image classification; image representation; learning (artificial intelligence); object detection;}, 
ISSN={1063-6919},}

@article{Rabiner:1989, 
author={Rabiner, L.R.}, 
journal={Proceedings of the IEEE},
title={A tutorial on hidden Markov models and selected applications in speech recognition}, 
year={1989}, 
month={feb}, 
volume={77}, 
number={2}, 
pages={257 -286}, 
keywords={balls-in-urns system;coin-tossing;discrete Markov chains;ergodic models;hidden Markov models;hidden states;left-right models;probabilistic function;speech recognition;Markov processes;speech recognition;}, 
ISSN={0018-9219},}

@inproceedings{Pinto:SIBGRAPI:2012,
author = {Pinto, Allan and Pedrini, Helio and Schwartz, William Robson and Rocha, Anderson},
title = {Video-Based Face Spoofing Detection through Visual Rhythm Analysis},
year = {2012},
month = {august},
pages={221-228}, 
booktitle = SIBGRAPI,
address = {Ouro Preto, MG, Brazil},}

@article{Lukas:TIFS:2006, 
author={Luk\"{a}s, J. and Fridrich, J. and Goljan, M.}, 
journal=TIFS, 
title={Digital camera identification from sensor pattern noise}, 
year={2006}, 
month={june}, 
volume={1}, 
number={2}, 
pages={ 205 - 214}, 
keywords={ JPEG compression; denoising filter; digital camera identification; false alarm rates; false rejection rates; gamma correction; image processing; sensor pattern noise; spread-spectrum watermark; cameras; data compression; filtering theory; image coding; image denoising; image sensors; watermarking;}, 
ISSN={1556-6013},}

@article{Rocha:CSUR:2011,
 author = {Rocha, Anderson and Scheirer, Walter and Boult, Terrance and Goldenstein, Siome},
 title = {Vision of the unseen: Current trends and challenges in digital image and video forensics},
 journal = {ACM Comput. Surv.},
 issue_date = {October 2011},
 volume = {43},
 number = {4},
 month = oct,
 year = {2011},
 issn = {0360-0300},
 pages = {26:1--26:42},
 articleno = {26},
 numpages = {42},
 acmid = {1978805},
 publisher = {ACM},
 address = {New York, NY, USA},
 keywords = {Image and video forensics, forgery and fraud detection, hidden messages detection, image and video source identification, legal aspects},
}

@ARTICLE{Scheirer:TPAMI:2012,
author={Scheirer, W. and Rocha, A. and Sapkota, A. and Boult, T.},
journal=TPAMI, 
title={Towards Open Set Recognition},
year={2013},
month={July},
volume={35},
number={7},
pages={1757--1772},
ISSN={0162-8828},}

@book{Beach:PP:2008,
 author = {Beach, Andy},
 title = {Real world video compression},
 year = {2008},
 isbn = {9780321550019},
 edition = {First},
 publisher = {Peachpit Press},
 address = {Berkeley, CA, USA},
}

@article{Chung:KT:1999,
  author = {M.-G. Chung and J. Lee and H. Kim and S. M.-H. Song and W.-M. Kim},
  title = {{Automatic Video Segmentation based on Spatio-Temporal Features}},
  journal = {Korea Telecom},
  year = {1999},
  volume = {1},
  pages = {4--14},
  number = {4},
}

@incollection {Chun:RAVIS:2002,
  author = {Seong Soo Chun and Hyeokman Kim and Kim Jung-Rim and Sangwook Oh and Sanghoon Sull},
  title = {{Fast Text Caption Localization on Video Using Visual Rhythm}},
  booktitle = {Recent Advances in Visual Information Systems},
  series = {Lecture Notes in Computer Science},
  editor = {Chang, Shi-Kuo and Chen, Zen and Lee, Suh-Yin},
  pages = {43--58},
  volume = {2314},
  year = {2002}
}

@inproceedings{Ngo:CVPR:1999,
  author = {C.W. Ngo and T.C. Pong and R.T. Chin},
  title = {{Detection of Gradual Transitions Through Temporal Slice Analysis}},
  booktitle = CVPR, 
  year = {1999},
}

@inproceedings{Guimaraes:SIBGRAPI:2001,
  author = {S. J. F. Guimaraes and M. Couprie and N. J. Leite and A. A. Araujo},
  title = {{A Method for Cut Detection Based on Visual Rhythm}},
  booktitle = SIBGRAPI,
  year={2001},
  volume={},
  number={},
  pages={297--304},
}

@inproceedings{Dalal:CVPR:2005, 
author={Dalal, N. and Triggs, B.}, 
booktitle=CVPR,
title={Histograms of oriented gradients for human detection}, 
year={2005}, 
month={june}, 
volume={1}, 
number={}, 
pages={886 -893 vol. 1}, 
keywords={High performance computing;Histograms;Humans;Image databases;Image edge detection;Object detection;Object recognition;Robustness;Support vector machines;Testing;feature extraction;gradient methods;object detection;object recognition;support vector machines;coarse spatial binning;contrast normalization;edge based descriptors;fine orientation binning;fine-scale gradients;gradient based descriptors;histograms of oriented gradients;human detection;linear SVM;overlapping descriptor;pedestrian database;robust visual object recognition;}, 
ISSN={1063-6919},}

@article{Cortes:ML:1995,
 author = {Corinna Cortes and Vladimir Vapnik},
 title = {{Support-Vector Networks}},
 journal = {Mach. Learn.},
 issue_date = {Sept. 1995},
 volume = {20},
 number = {3},
 month = sep,
 year = {1995},
 issn = {0885-6125},
 pages = {273--297},
 numpages = {25},
 publisher = {Kluwer Academic Publishers},
 address = {Hingham, MA, USA},
}

@article {Hoskuldsson_1988,
author = {Agnar Hoskuldsson},
title = {{PLS Regression Methods}},
journal = {Journal of Chemometrics},
volume = {2},
number = {3},
publisher = {John Wiley & Sons, Ltd.},
issn = {1099-128X},
pages = {211--228},
year = {1988},
}

@article {Abdi_2010,
author = {Herv{\'}e Abdi},
title = {{Partial Least Squares Regression and Projection on Latent Structure Regression (PLS Regression)}},
journal = {Wiley Interdisciplinary Reviews: Computational Statistics},
volume = {2},
number = {1},
publisher = {John Wiley & Sons, Inc.},
issn = {1939-0068},
pages = {97--106},
year = {2010},
}

@article{Chang:2011:TIST,
 author = {Chang, Chih-Chung and Lin, Chih-Jen},
 title = {{LIBSVM: A Library for Support Vector Machines}},
 journal = TIST,
 volume = {2},
 issue = {3},
 year = {2011},
 note = {Software available at http://www.csie.ntu.edu.tw/$\sim$cjlin/libsvm}
}

@inproceedings{schwartz09c,
author = {W.R. Schwartz and A. Kembhavi and D. Harwood and L.S. Davis},
booktitle = ICCV,
title = {{Human Detection Using Partial Least Squares Analysis}},
year = {2009},
}

@book{Smith:SEG:1997,
 author = {Smith, Steven W.},
 title = {{The Scientist and Engineer's Guide to Digital Signal Processing}},
 year = {1997},
 isbn = {0-9660176-3-3},
 publisher = {California Technical Pub.},
 address = {San Diego, CA, USA},
}

@misc{facebook,
  author = {FaceBook},
  note = {\url{http://www.facebook.com}},
  year = 2013,
}

@misc{myspace,
  author = {MySpace},
  note = {\url{http://www.myspace.com}},
  year = 2013,
}

@misc{youtube,
  author = {YouTube},
  note = {\url{http://www.youtube.com}},
  year = 2013,
}

@article{Georghiades:2001:TPAMI, 
author={Georghiades, A.S. and Belhumeur, P.N. and Kriegman, D.}, 
journal=TPAMI,
title={From few to many: illumination cone models for face recognition under variable lighting and pose}, 
year={Jun}, 
volume={23}, 
number={6}, 
pages={643-660}, 
keywords={albedo;computer vision;face recognition;image reconstruction;image representation;learning systems;lighting;rendering (computer graphics);albedo;appearance-based method;computer vision;generative models;human face recognition;illumination cone;image reconstruction;image representation;learning systems;lighting;pose modeling;rendering;Face recognition;Humans;Image recognition;Image reconstruction;Lighting;Performance evaluation;Rendering (computer graphics);Shape;Testing;Vectors}}
